
@Article{	  abouelseoud2014,
  author	= {{Abou Elseoud}, Ahmed and Nissil\"{a}, Juuso and Liettu,
		  Anu and Remes, Jukka and Jokelainen, Jari and Takala, Timo
		  and Aunio, Antti and Starck, Tuomo and Nikkinen, Juha and
		  Koponen, Hannu and Zang, Yu Feng and Tervonen, Osmo and
		  Timonen, Markku and Kiviniemi, Vesa},
  journal	= {Human Brain Mapping},
  number	= {1},
  pages		= {161--172},
  title		= {Altered resting-state activity in seasonal affective
		  disorder},
  volume	= {35},
  year		= {2014}
}

@Article{	  acosta2009,
  author	= {O Acosta and P Bourgeat and M A Zuluaga and J Fripp and O
		  Salvado and S Ourselin and {Alzheimer's Disease
		  Neuroimaging Initiative}},
  title		= {Automated voxel-based {3D} cortical thickness measurement
		  in a combined {L}agrangian-{E}ulerian {PDE} approach using
		  partial volume maps},
  journal	= {Medical Image Analysis},
  year		= 2009,
  volume	= 13,
  number	= 5,
  pages		= {730-43}
}

@Article{	  aganj2009,
  author	= {I Aganj and G Sapiro and N Parikshak and S K Madsen and P
		  M Thompson},
  title		= {Measurement of cortical thickness from {MRI} by minimum
		  line integrals on soft-classified tissue},
  journal	= {Human Brain Mapping},
  year		= 2009,
  volume	= 30,
  number	= 10,
  pages		= {3188-99}
}

@Article{	  anderson1999,
  author	= {Anderson, M. J. and Legendre, Pierre},
  journal	= {Journal of Statistical Computation and Simulation},
  number	= 3,
  pages		= {271-303},
  title		= {An empirical comparison of permutation methods for tests
		  of partial regression coefficients in a linear model},
  volume	= 62,
  year		= 1999
}

@Article{	  anderson2001,
  author	= {Anderson, Marti J. and Robinson, John},
  journal	= {Australian \& New Zealand Journal of Statistics},
  number	= {1},
  pages		= {75-88},
  title		= {Permutation Tests for Linear Models},
  volume	= 43,
  year		= 2001
}

@Article{	  anderson2003,
  author	= {Anderson, M and ter Braak, Cajo J F},
  journal	= {Journal of Statistical Computation and Simulation},
  number	= 2,
  pages		= {85-113},
  title		= {Permutation tests for multi-factorial analysis of
		  variance},
  volume	= 73,
  year		= 2003
}

@Book{	  anderson2003_TW,
  author	= {T W Anderson},
  title		= {An Introduction to Multivariate Statistical Analysis},
  address	= {Hoboken, NJ, USA},
  publisher	= {Wiley},
  year		= 2003
}

@Article{	  arndt1996,
  author	= {Arndt, S and Cizadlo, T and Andreasen, N C and Heckel, D
		  and Gold, S and O'Leary, D S},
  journal	= {Journal of Cerebral Blood Flow and Metabolism},
  number	= 6,
  pages		= {1271-9},
  title		= {Tests for comparing images based on randomization and
		  permutation methods.},
  volume	= 16,
  year		= 1996
}

@Article{	  ashburner2000,
  author	= {J Ashburner and K J Friston},
  title		= {Voxel-based morphometry - the methods},
  journal	= {NeuroImage},
  year		= 2000,
  volume	= 11,
  pages		= {805-21}
}

@Article{	  ashburner2007,
  author	= {J Ashburner},
  title		= {A fast diffeomorphic image registration algorithm},
  journal	= {NeuroImage},
  year		= 2007,
  volume	= 38,
  number	= 1,
  pages		= {95-113}
}

@article{Ashburner2009,
author = {Ashburner, John},
journal = {Magnetic Resonance Imaging},
number = {8},
pages = {1163--74},
title = {Computational anatomy with the {SPM} software.},
volume = {27},
year = {2009}}

@Article{	  aspin1949,
  author	= {Aspin, A A and Welch, B L},
  journal	= {Biometrika},
  number	= {3},
  pages		= {290-296},
  title		= {Tables for use in comparisons whose accuracy involves two
		  variances, separately estimated},
  volume	= {36},
  year		= 1949
}

@Article{	  augustinack2005,
  author	= {J C Augustinack and A J van der Kouwe and M L Blackwell
		  and D H Salat and C J Wiggins and M P Frosch and C C
		  Wiggins and A Potthast and L L Wald and B R Fischl},
  title		= {Detection of entorhinal layer {II} using 7 {T}esla
		  magnetic resonance imaging},
  journal	= {Annals of Neurology},
  year		= 2005,
  volume	= 57,
  number	= 4,
  pages		= {489-94}
}

@article{Auzias2013,
author = {Auzias, G and Lefevre, J and {Le Troter}, a and Fischer, C and Perrot, M and Regis, J and Coulon, O},
journal = {{IEEE} Transactions on Medical Imaging},
number = {5},
pages = {873--87},
title = {Model-Driven Harmonic Parameterization of the Cortical Surface: {HIP-HOP}.},
volume = {32},
year = {2013}
}

@Article{	  balaban1995,
  author	= {Balaban, Ivan J.},
  journal	= {Proceedings of the 11th Annual Symposium on Computational
		  Geometry},
  pages		= {211-219},
  title		= {An optimal algorithm for finding segments intersections},
  year		= 1995
}

@Article{	  barber1996,
  author	= {C B Barber and D P Dobkin and H T Huhdanpaa},
  title		= {The {Q}uickhull algorithm for convex hulls},
  journal	= {{ACM} Transactions on Mathematical Software},
  year		= 1996,
  volume	= 22,
  number	= 4,
  pages		= {469-83}
}

@InProceedings{	  beaton1978,
  address	= {Gaithersburg, Maryland},
  author	= {Beaton, Albert E.},
  booktitle	= {Computer Science and Statistics: Tenth Annual Symposium of
		  the Interface},
  editor	= {Hogben, D. and Fife, D},
  pages		= {137-45},
  publisher	= {United States Department of Commerce},
  title		= {Salvaging Experiments: Interpreting Least Squares in
		  Non-Random Samples},
  year		= 1978
}

@TechReport{	  beckmann2001,
  address	= {Oxford},
  author	= {Beckmann, Christian F and Jenkinson, Mark and Smith,
		  Stephen M},
  institution	= {University of Oxford},
  pages		= {1--19},
  title		= {General Multi-Level Linear Modelling for Group Analysis in
		  {FMRI}},
  year		= {2001}
}

@Article{	  beckmann2009a,
  author	= {Beckmann, Matthias and Johansen-Berg, Heidi and Rushworth,
		  Matthew F S},
  journal	= {Journal of Neuroscience},
  number	= 4,
  pages		= {1175-90},
  title		= {Connectivity-based parcellation of human cingulate cortex
		  and its relation to functional specialization.},
  volume	= 29,
  year		= 2009
}

@Article{	  behrens1929,
  author	= {Behrens, W V},
  journal	= {Landwirtschaftliche Jahrb\"{u}cher},
  pages		= {807--37},
  title		= {Ein beitrag zur Fehlerberechnung bei wenigen
		  Beobachtungen.},
  volume	= 68,
  year		= 1929
}

@Article{	  belmonte2001,
  author	= {Belmonte, M and Yurgelun-Todd, D},
  journal	= {IEEE Transactions on Medical Imaging},
  number	= 3,
  pages		= {243--8},
  title		= {Permutation testing made practical for functional magnetic
		  resonance image analysis.},
  volume	= 20,
  year		= 2001
}

@Article{	  benjamini1995,
  author	= {Benjamini, Y. and Hochberg, Y.},
  journal	= {Journal of the Royal Statistical Society. Series B
		  (Methodological)},
  number	= {1},
  pages		= {289--300},
  title		= {Controlling the false discovery rate: a practical and
		  powerful approach to multiple testing},
  volume	= {57},
  year		= {1995}
}

@Article{	  benjamini2008,
  author	= {Benjamini, Yoav and Heller, Ruth},
  journal	= {Biometrics},
  number	= {4},
  pages		= {1215--22},
  title		= {Screening for partial conjunction hypotheses.},
  volume	= {64},
  year		= {2008}
}

@Article{	  bentley1979,
  author	= {J L Bentley and T A Ottmann},
  title		= {Algorithms for Reporting and Counting Geometric
		  Intersections},
  journal	= {{IEEE} Transactions on Computers},
  year		= 1979,
  volume	= {C-28},
  number	= 9,
  pages		= {643-7}
}

@Article{	  berger1982,
  author	= {Berger, Roger L},
  journal	= {Technometrics},
  number	= {4},
  pages		= {295--300},
  title		= {Multiparameter hypothesis testing and acceptance
		  sampling},
  volume	= {24},
  year		= {1982}
}

@Article{	  berk1979,
  author	= {Berk, Robert H and Cohen, Arthur},
  journal	= {Journal of the American Statistical Association},
  number	= {368},
  pages		= {812--814},
  title		= {Asymptotically optimal methods of combining tests},
  volume	= {74},
  year		= {1979}
}

@Article{	  bhandary2011,
  author	= {Bhandary, Madhusudan and Zhang, Xuan},
  journal	= {Journal of Modern Applied Statistical Methods},
  number	= {2},
  pages		= {436--446},
  title		= {Comparison of Several Tests for Combining Several
		  Independent Tests},
  volume	= {10},
  year		= {2011}
}

@Article{	  bilguvar2010,
  author	= {K Bilg\"{u}var and A K Ozt\"{u}rk and A Louvi and K Y Kwan
		  and M Choi and B Tatli and D Yalnizo\v{g}lu and B
		  T\"{u}ys\"{u}z and A O Ca\v{g}layan and S G\"{o}kben and H
		  Kaymak\'{c}alan and T Barak and M Bakircio\v{g}lu and K
		  Yasuno and W Ho and S Sanders and Y Zhu and S Yilmaz and A
		  Din\c{c}er and M H Johnson and R A Bronen and N Ko\c{c}er
		  and H Per and S Mane and M N Pamir and C Yal\c{c}inkaya and
		  S Kumanda\,{s} and M Top\c{c}u and M Ozmen and N Sestan and
		  R P Lifton and M W State and M G\"{u}nel},
  title		= {Whole-exome sequencing identifies recessive {WDR62}
		  mutations in severe brain malformations},
  journal	= {Nature},
  year		= 2010,
  volume	= 467,
  number	= 7312,
  pages		= {207-10}
}

@Article{	  birnbaum1954,
  author	= {Birnbaum, A},
  journal	= {Journal of the American Statistical Association},
  number	= {267},
  pages		= {559--574},
  title		= {Combining independent tests of significance},
  volume	= {49},
  year		= {1954}
}

@Article{	  blair1994,
  author	= {Blair, R Clifford and Higgins, James J and Karniski, Walt
		  and Kromrey, Jeffrey D},
  journal	= {Multivariate Behavioral Research},
  number	= {2},
  pages		= {141--163},
  title		= {A Study of Multivariate Permutation Tests Which May
		  Replace {H}otelling's $T^2$ Test in Prescribed
		  Circumstances},
  volume	= {29},
  year		= {1994}
}

@Article{	  bland1986,
  author	= {Bland, J Martin and Altman, D G},
  journal	= {Lancet},
  number	= {8476},
  pages		= {307--10},
  title		= {Statistical methods for assessing agreement between two
		  methods of clinical measurement.},
  volume	= {327},
  year		= {1986}
}

@Book{		  borenstein2009,
  author	= {Michael Borenstein and Larry V. Hedges and Julian P. T.
		  Higgins and Hannah R. Rothstein},
  title		= {Introduction to Meta-Analysis},
  address	= {West Sussex, UK},
  publisher	= {Wiley},
  year		= 2009
}

@Article{	  box1955,
  author	= {Box, G E P and Andersen, S L},
  journal	= {Journal of the Royal Statistical Society. Series B},
  number	= 1,
  title		= {Permutation theory in the derivation of robust criteria
		  and the study of departures from assumption},
  volume	= 17,
  pages		= {1--34},
  year		= 1955
}

@Article{	  box1964,
  author	= {Box, G.E.P. and Cox, D.R.},
  journal	= {Journal of the Royal Statistical Society. Series B},
  number	= {2},
  pages		= {211-252},
  title		= {An analysis of transformations},
  volume	= 26,
  year		= 1964
}

@Article{	  brammer1997,
  author	= {Brammer, M J and Bullmore, E T and Simmons, A and
		  Williams, S C and Grasby, P M and Howard, R J and Woodruff,
		  P W and Rabe-Hesketh, S},
  journal	= {Magnetic Resonance Imaging},
  number	= 7,
  pages		= {763-70},
  title		= {Generic brain activation mapping in functional magnetic
		  resonance imaging: a nonparametric approach.},
  volume	= 15,
  year		= 1997
}

@Article{	  breakspear2004,
  author	= {Breakspear, Michael and Brammer, Michael J and Bullmore,
		  Ed T and Das, Pritha and Williams, Leanne M},
  journal	= {Human Brain Mapping},
  number	= {1},
  pages		= {1--25},
  title		= {Spatiotemporal wavelet resampling for functional
		  neuroimaging data.},
  volume	= {23},
  year		= {2004}
}

@misc{Brett2004,
author = {M Brett and T Nichols and J Andersson and T Wager and J-B Poline},
title = {When a conjunction is not a conjunction},
howpublished = {Poster presented at the X Annual Meeting of the Organization for Human Brain Mapping, Budapest, Hungary},
year = 2004,
}

@Article{	  bridge2006,
  author	= {H Bridge and S Clare},
  title		= {High-resolution {MRI}: in vivo histology?},
  journal	= {Philosophical Transactions of the Royal Society B:
		  Biological Sciences},
  year		= 2006,
  volume	= 361,
  number	= 1465,
  pages		= {137-46}
}

@Book{		  brodmann1909,
  author	= {K Brodmann},
  title		= {Vergleichende Lokalisationslehre der Gro\ss{}hirnrinde in
		  ihren Prinzipien dargestellt auf Grund des Zellenbaues},
  address	= {Leipzig},
  publisher	= {Barth},
  year		= 1909,
  note		= {Translated to English and edited by Laurence J.\ Garey,
		  published by Springer, 2006}
}

@Article{	  brombin2009,
  author	= {Brombin, Chiara and Salmaso, Luigi},
  journal	= {Computational Statistics \& Data Analysis},
  number	= {12},
  pages		= {3921--3931},
  title		= {{Multi-aspect permutation tests in shape analysis with
		  small sample size}},
  volume	= {53},
  year		= {2009}
}

@Article{	  brombin2013,
  author	= {Brombin, Chiara and Midena, Edoardo and Salmaso, Luigi},
  journal	= {Statistical Methods in Medical Research},
  number	= {6},
  pages		= {643--660},
  title		= {Robust non-parametric tests for complex-repeated measures
		  problems in ophthalmology},
  volume	= {22},
  year		= {2013}
}

@Article{	  brooks2005,
  author	= {Brooks, J C W and Zambreanu, L and Godinez, A and Craig, A
		  D Bud and Tracey, I},
  journal	= {NeuroImage},
  number	= {1},
  pages		= {201--9},
  title		= {Somatotopic organisation of the human insula to painful
		  heat studied with high resolution functional imaging.},
  volume	= {27},
  year		= {2005}
}

@Article{	  brown1975,
  author	= {Brown, Morton B},
  journal	= {Biometrics},
  number	= {4},
  pages		= {987--992},
  title		= {A Method for Combining Non-Independent, One-Sided Tests of
		  Significance},
  volume	= {31},
  year		= {1975}
}

@Article{	  brown1982,
  author	= {Brown, B M and Maritz, J S},
  journal	= {Australian Journal of Statistics},
  number	= 3,
  pages		= {318-331},
  title		= {Distribution-Free Methods in Regression},
  volume	= 24,
  year		= 1982
}

@Article{	  brunner2000,
  author	= {Brunner, Edgar and Munzel, Ullrich},
  journal	= {Biometrical Journal},
  number	= 1,
  pages		= {17-25},
  title		= {The Nonparametric {Behrens--Fisher} Problem: Asymptotic
		  Theory and a Small-Sample Approximation},
  volume	= 42,
  year		= 2000
}

@Article{	  bullmore1996,
  author	= {Bullmore, E and Brammer, M and Williams, S C and
		  Rabe-Hesketh, S and Janot, N and David, A and Mellers, J
		  and Howard, R and Sham, P},
  journal	= {Magnetic Resonance in Medicine},
  number	= 2,
  pages		= {261-77},
  title		= {Statistical methods of estimation and inference for
		  functional {MR} image analysis.},
  volume	= 35,
  year		= 1996
}

@Article{	  bullmore1999,
  author	= {E T Bullmore and J Suckling and S Overmeyer and S
		  Rabe-Hesketh and E Taylor and M J Brammer},
  title		= {Global, voxel, and cluster tests, by theory and
		  permutation for a difference between two groups of
		  structural {MR} images of the brain},
  journal	= {{IEEE} Transactions on Medical Imaging},
  year		= 1999,
  volume	= 18,
  issue		= 1,
  pages		= {32-42}
}

@Article{	  bullmore2001,
  author	= {Bullmore, E and Long, C and Suckling, J and Fadili, J and
		  Calvert, G and Zelaya, F and Carpenter, T A and Brammer,
		  M},
  journal	= {Human Brain Mapping},
  number	= 2,
  pages		= {61-78},
  title		= {Colored noise and computational inference in
		  neurophysiological ({fMRI}) time series analysis:
		  resampling methods in time and wavelet domains.},
  volume	= 12,
  year		= 2001
}

@Article{	  button2013,
  author	= {Button, Katherine S and Ioannidis, John P A and Mokrysz,
		  Claire and Nosek, Brian A and Flint, Jonathan and Robinson,
		  Emma S J and Munaf\`{o}, Marcus R},
  journal	= {Nature reviews. Neuroscience},
  number	= {5},
  pages		= {365--76},
  title		= {Power failure: why small sample size undermines the
		  reliability of neuroscience.},
  volume	= 14,
  year		= 2013
}

@Article{	  butts2009,
  author	= {Butts, Carter T},
  journal	= {Science},
  number	= 5939,
  pages		= {414-6},
  title		= {Revisiting the foundations of network analysis.},
  volume	= 325,
  year		= 2009
}

@Article{	  buxhoeveden2002,
  author	= {D P Buxhoeveden and M F Casanova},
  title		= {The minicolumn hypothesis in neuroscience},
  journal	= {Brain},
  year		= 2002,
  volume	= 125,
  number	= 5,
  pages		= {935-51}
}

@Article{	  cade1996,
  author	= {Cade, B S and Richards, Jon D.},
  journal	= {Biometrics},
  number	= 3,
  pages		= {886-902},
  title		= {Permutation tests for least absolute deviation
		  regression},
  volume	= 52,
  year		= 1996
}

@Article{	  calhoun2016,
  author	= {V D Calhoun and J Sui},
  journal	= {Biological Psychiatry: Cognitive Neuroscience and
		  Neuroimaging},
  title		= {Multimodal fusion of brain imaging data: A key to finding
		  the missing link(s) in complex mental illness.},
  year		= {in press}
}

@Article{	  calian2008,
  author	= {Calian, Violeta and Li, Dongmei and Hsu, Jason C},
  journal	= {Biometrical Journal},
  number	= 5,
  pages		= {756-66},
  title		= {Partitioning to uncover conditions for permutation tests
		  to control multiple testing error rates.},
  volume	= 50,
  year		= 2008
}

@Article{	  caplan2004,
  author	= {Caplan, David and Moo, Lauren},
  journal	= {NeuroImage},
  number	= {2},
  pages		= {751--6},
  title		= {Cognitive conjunction and cognitive functions.},
  volume	= {21},
  year		= {2004}
}

@Article{	  chang2013,
  author	= {Chang, Lun-Ching and Lin, Hui-Min and Sibille, Etienne and
		  Tseng, George C},
  journal	= {BMC Bioinformatics},
  number	= {vi},
  pages		= {368},
  title		= {Meta-analysis methods for combining multiple expression
		  profiles: comparisons, statistical characterization and an
		  application guideline.},
  volume	= {14},
  year		= {2013}
}

@Article{	  chazelle1992,
  author	= {Chazelle, B. and Edelsbrunner, H.},
  journal	= {Journal of the ACM},
  number	= 1,
  pages		= {1-54},
  title		= {An optimal algorithm for intersecting line segments in the
		  plane},
  volume	= 39,
  year		= 1992
}

@Article{	  chazelle1994,
  author	= {Bernard Chazelle and Herbert Edelsbrunner and Leonidas J
		  Guibas and Micha Sharir},
  title		= {Algorithms for bichromatic line-segment problems and
		  polyhedral terrains},
  journal	= {Algorithmica},
  year		= 1994,
  volume	= 11,
  number	= 2,
  pages		= {116-32}
}

@Article{	  chen2011_neuron,
  author	= {Chen, Chi-Hua and Panizzon, Matthew S. and Eyler, Lisa T.
		  and Jernigan, Terry L. and Thompson, Wes and
		  Fennema-Notestine, Christine and Jak, Amy J. and Neale,
		  Michael C. and Franz, Carol E. and Hamza, Samar and Lyons,
		  Michael J. and Grant, Michael D. and Fischl, Bruce and
		  Seidman, Larry J. and Tsuang, Ming T. and Kremen, William
		  S. and Dale, Anders M.},
  journal	= {Neuron},
  number	= 4,
  pages		= {537-544},
  title		= {Genetic Influences on Cortical Regionalization in the
		  Human Brain},
  volume	= 72,
  year		= 2011
}

@Article{	  chen2011_evo,
  author	= {Chen, Z},
  journal	= {Journal of Evolutionary Biology},
  number	= {4},
  pages		= {926--30},
  title		= {Is the weighted z-test the best method for combining
		  probabilities from independent tests?},
  volume	= {24},
  year		= {2011}
}

@article{Chen2012,
author = {Chen, Chi-Hua and Gutierrez, E. D. and Thompson, Wes and Panizzon, Matthew S. and Jernigan, Terry L. and Eyler, Lisa T. and Fennema-Notestine, Christine and Jak, Amy J. and Neale, Michael C. and Franz, Carol E. and Lyons, Michael J. and Grant, Michael D. and Fischl, Bruce and Seidman, Larry J. and Tsuang, Ming T. and Kremen, William S. and Dale, Anders M.},
journal = {Science},
number = {6076},
pages = {1634--6},
title = {Hierarchical genetic organization of human cortical surface area.},
volume = {335},
year = {2012}}

@Article{	  chen2014,
  author	= {Chen, Gang and Adleman, Nancy E and Saad, Ziad S and
		  Leibenluft, Ellen and Cox, Robert W},
  journal	= {NeuroImage},
  pages		= {571--88},
  title		= {Applications of multivariate modeling to neuroimaging
		  group analysis: a comprehensive alternative to univariate
		  general linear model.},
  volume	= {99},
  year		= {2014}
}

@Article{	  chenn2002,
  author	= {A Chenn and C A Walsh},
  title		= {Regulation of cerebral cortical size by control of cell
		  cycle exit in neural precursors},
  journal	= {Science},
  year		= 2002,
  volume	= 297,
  number	= 5580,
  pages		= {365-9}
}

@Article{	  christensen1996,
  author	= {G E Christensen and R D Rabbitt and M I Miller},
  title		= {Deformable templates using large deformation kinematics},
  journal	= {IEEE Transactions on Image Processing},
  year		= 1996,
  volume	= 5,
  number	= 10,
  pages		= {1435-47}
}

@Book{		  christensen2001,
  author	= {Ronald Christensen},
  title		= {Advanced Linear Modelling},
  address	= {New York, {USA}},
  publisher	= {Springer},
  edition	= 2,
  year		= 2001
}

@Book{		  christensen2002,
  author	= {Ronald Christensen},
  title		= {Plane answers to complex questions: the theory of linear
		  models},
  address	= {New York},
  publisher	= {Springer},
  edition	= 3,
  year		= 2002
}

@Article{	  chung1958,
  author	= {Chung, J H and Fraser, D A S},
  journal	= {Journal of the American Statistical Association},
  number	= 283,
  pages		= {729-735},
  title		= {Randomization tests for a multivariate two-sample
		  problem},
  volume	= 53,
  year		= 1958
}

@Article{	  clark2011,
  author	= {Clark, Christopher M and Schneider, Julie A and Bedell,
		  Barry J and Beach, Thomas G and Bilker, Warren B and
		  Mintun, Mark A and Pontecorvo, Michael J and Hefti, Franz
		  and Carpenter, Alan P and Flitter, Matthew L and
		  Krautkramer, Michael J and Kung, Hank F and Coleman, R
		  Edward and Doraiswamy, P Murali and Fleisher, Adam S and
		  Sabbagh, Marwan N and Sadowsky, Carl H and Reiman, Eric P
		  and Reiman, P Eric M and Zehntner, Simone P and Skovronsky,
		  Daniel M},
  title		= {Use of florbetapir-{PET} for imaging beta-amyloid
		  pathology.},
  journal	= {Journal of the American Medical Association},
  year		= {2011},
  volume	= {305},
  number	= {3},
  pages		= {275-83}
}

@Article{	  clowry2010,
  author	= {G Clowry and Z Moln\'{a}r and P Rakic},
  title		= {Renewed focus on the developing human neocortex},
  journal	= {Journal of Anatomy},
  year		= 2010,
  volume	= 217,
  number	= 4,
  pages		= {276-88}
}

@Article{	  commenges2003,
  author	= {Commenges, Daniel},
  journal	= {Journal of Nonparametric Statistics},
  number	= 2,
  pages		= {171-185},
  title		= {Transformations which preserve exchangeability and
		  application to permutation tests},
  volume	= 15,
  year		= 2003
}

@Article{	  cousins2007,
  archiveprefix	= {arXiv},
  arxivid	= {0705.2209},
  author	= {Cousins, Robert D},
  eprint	= {0705.2209},
  month		= may,
  number	= {1},
  pages		= {1--15},
  title		= {Annotated Bibliography of Some Papers on Combining
		  Significances or p-values},
  year		= {2007}
}

@Article{	  dacosta2011,
  author	= {{Da Costa}, S. and van der Zwaag, W. and Marques, J. P.
		  and Frackowiak, R. S. J. and Clarke, S. and Saenz, M.},
  journal	= {Journal of Neuroscience},
  number	= 40,
  pages		= {14067-14075},
  title		= {Human Primary Auditory Cortex Follows the Shape of
		  Heschl's Gyrus},
  volume	= 31,
  year		= 2011
}

@Article{	  dale1993,
  author	= {A M Dale and M I Sereno},
  title		= {Improved localization of cortical activity by combining
		  {EEG} and {MEG} with {MRI} cortical surface
		  reconstruction},
  journal	= {Journal of Cognitive Neuroscience},
  year		= 1993,
  volume	= 5,
  number	= 2,
  pages		= {162-176}
}

@Article{	  dale1999,
  author	= {A M Dale and B Fischl and M I Sereno},
  title		= {Cortical surface-based analysis {I}: Segmentation and
		  surface reconstruction},
  journal	= {NeuroImage},
  year		= 1999,
  volume	= 9,
  number	= 2,
  pages		= {179-94}
}

@Article{	  darlington2000,
  author	= {Darlington, R B and Hayes, A F},
  journal	= {Psychological Methods},
  number	= {4},
  pages		= {496--515},
  title		= {Combining independent p values: extensions of the Stouffer
		  and binomial methods},
  volume	= {5},
  year		= {2000}
}

@Article{	  david1934,
  author	= {David, F. N.},
  journal	= {Biometrika},
  number	= {1-2},
  pages		= {1--11},
  title		= {On the ${P}_{\lambda_n}$ Test for Randomness: Remarks,
		  Further Illustration, and Table of ${P}_{\lambda_n}$ for
		  Given Values of $-\log_{10}\lambda_n$},
  volume	= {26},
  year		= {1934}
}

@Article{	  deboor1962,
  author	= {C {De Boor}},
  title		= {Bicubic spline interpolation},
  journal	= {Journal of Mathematics and Physics},
  year		= 1962,
  volume	= 41,
  number	= 3,
  pages		= {212-218}
}

@Article{	  dekker2007,
  author	= {Dekker, David and Krackhardt, David and Snijders, Tom A
		  B},
  journal	= {Psychometrika},
  number	= {4},
  pages		= {563-581},
  title		= {Sensitivity of {MRQAP} Tests to Collinearity and
		  Autocorrelation Conditions.},
  volume	= 72,
  year		= 2007
}

@Article{	  desikan2006,
  author	= {R S Desikan and F S\'{e}gonne and B Fischl and B T Quinn
		  and B C Dickerson and D Blacker and R L Buckner and A M
		  Dale and R P Maguire and B T Hyman and M S Albert and R J
		  Killiany},
  title		= {An automated labeling system for subdividing the human
		  cerebral cortex on MRI scans into gyral based regions of
		  interest},
  journal	= {Neuroimage},
  year		= 2006,
  volume	= 31,
  issue		= 3,
  pages		= {968-80}
}

@Article{	  dickerson2009,
  author	= {B C Dickerson and E Feczko and J C Augustinack and J
		  Pacheco and J C Morris and B Fischl and R L Buckner},
  title		= {Differential effects of aging and {A}lzheimer's disease on
		  medial temporal lobe cortical thickness and surface area},
  journal	= {Neurobiology of Aging},
  year		= 2009,
  volume	= 30,
  number	= 3,
  pages		= {432-40}
}

@Article{	  draper1966,
  author	= {Draper, N R and Stoneman, David M},
  journal	= {Technometrics},
  number	= 4,
  pages		= {695-699},
  title		= {Testing for the inclusion of variables in linear
		  regression by a randomisation technique},
  volume	= 8,
  year		= 1966
}

@Book{		  draper1992,
  author	= {David Draper and Donald P. Gaver and Prem K. Goel and Joel
		  B. Greenhouse and Larry V. Hedges and Carl N. Morris and
		  Christine Waternaux},
  title		= {Combining information: statistical issues and
		  opportunities for research},
  publisher	= {National Academy Press Washington, DC, USA},
  year		= {1992}
}

@Article{	  draper1993,
  author	= {Draper, D. and Hodges, J. S. and Mallows, C. L. and
		  Pregibon, Daryl},
  journal	= {Journal of the Royal Statistical Society. Series A},
  number	= 1,
  pages		= {9-37},
  title		= {Exchangeability and data analysis},
  volume	= 156,
  year		= 1993
}

@Article{	  drury1996,
  author	= {Drury, H A and {Van Essen}, D C and Anderson, C H and Lee,
		  C W and Coogan, T A and Lewis, J W},
  journal	= {Journal of Cognitive Neuroscience},
  number	= 1,
  pages		= {1-28},
  title		= {Computerized mappings of the cerebral cortex: a
		  multiresolution flattening method and a surface-based
		  coordinate system.},
  volume	= 8,
  year		= 1996
}

@Article{	  dudbridge2003,
  author	= {Dudbridge, Frank and Koeleman, Bobby P C},
  journal	= {Genetic Epidemiology},
  number	= {4},
  pages		= {360--6},
  title		= {Rank truncated product of {P}-values, with application to
		  genomewide association scans.},
  volume	= {25},
  year		= {2003}
}

@Article{	  durazzo2011,
  author	= {T C Durazzo and D Tosun and S Buckley and S Gazdzinski and
		  A Mon and S L Fryer and D J Meyerhoff},
  title		= {Cortical thickness, surface area, and volume of the brain
		  reward system in alcohol dependence: relationships to
		  relapse and extended abstinence},
  journal	= {Alcoholism: Clinical \& Experimental Research},
  year		= {2011},
  volume	= 35,
  number	= 6,
  pages		= {1-14}
}

@Article{	  duyn2007,
  author	= {J H Duyn and P van Gelderen and T Q Li and J A de Zwart
		  and A P Koretsky and M Fukunaga},
  title		= {High-field {MRI} of brain cortical substructure based on
		  signal phase},
  journal	= {Proceedings of the National Academy of Sciences of U. S.
		  A.},
  year		= 2007,
  volume	= 104,
  number	= 28,
  pages		= {11796-801}
}

@Article{	  dwass1957,
  author	= {Dwass, M.},
  journal	= {The Annals of Mathematical Statistics},
  number	= {1},
  pages		= {181-187},
  title		= {Modified Randomization Tests for Nonparametric
		  Hypotheses},
  volume	= 28,
  year		= 1957
}

@Book{		  eaton2015,
  author	= {John W. Eaton and David Bateman and S\oren Hauberg and Rik Wehbring},
  title		= {{GNU Octave}: A high-level interactive language for
		  numerical computations},
  publisher	= {Samurai Media Limited},
  year		= {2015},
  url		= {http://www.gnu.org/software/octave}
}

@Article{	  edgington1964,
  author	= {Edgington, Eugene S.},
  title		= {Randomization Tests},
  journal	= {The Journal of Psychology},
  volume	= 57,
  number	= 2,
  pages		= {445-449},
  year		= 1964
}

@Article{	  edgington1969,
  author	= {Edgington, Eugene S.},
  journal	= {The Journal of Psychology},
  number	= {2},
  pages		= {143--149},
  title		= {Approximate Randomization Tests},
  volume	= {72},
  year		= {1969}
}

@Article{	  edgington1972,
  author	= {Eugene S. Edgington},
  journal	= {The Journal of Psychology},
  number	= {2},
  pages		= {351-363},
  title		= {An Additive Method for Combining Probability Values from
		  Independent Experiments},
  volume	= {80},
  year		= {1972}
}

@Book{		  edgington1995,
  author	= {E S Edgington},
  title		= {Randomization Tests},
  address	= {New York},
  publisher	= {Marcel Dekker},
  year		= 1995
}

@Article{	  efron1979,
  author	= {Efron, B},
  journal	= {{SIAM} Review},
  number	= 4,
  pages		= {460-480},
  title		= {Computers and the theory of statistics: thinking the
		  unthinkable},
  volume	= 21,
  year		= 1979
}

@Article{	  efron2004,
  author	= {Efron, Bradley},
  journal	= {Journal of the American Statistical Association},
  month		= {mar},
  number	= {465},
  pages		= {96--104},
  title		= {Large-Scale Simultaneous Hypothesis Testing},
  volume	= {99},
  year		= {2004}
}

@Article{	  egjones2000,
  author	= {E G Jones},
  title		= {Microcolumns in the cerebral cortex},
  journal	= {Proceedings of the National Academy of Sciences of U. S.
		  A.},
  year		= 2000,
  volume	= 97,
  number	= 10,
  pages		= {5019-21}
}

@Article{	  ernst2004,
  author	= {Ernst, Michael D.},
  journal	= {Statistical Science},
  number	= 4,
  pages		= {676-685},
  title		= {Permutation Methods: A Basis for Exact Inference},
  volume	= 19,
  year		= 2004
}

@Article{	  eyler2011,
  author	= {L T Eyler and E Prom-Wormley and M S Panizzon and A R Kaup
		  and C Fennema-Notestine and M C Neale and T L Jernigan and
		  B Fischl and C E Franz and M J Lyons and M Grant and A
		  Stevens and J Pacheco and M E Perry and J E Schmitt and L J
		  Seidman and H W Thermenos and M T Tsuang and C H Chen and W
		  K Thompson and A Jak and A M Dale and W S Kremen},
  title		= {Genetic and environmental contributions to regional
		  cortical surface area in humans: a magnetic resonance
		  imaging twin study},
  journal	= {Cerebral Cortex},
  year		= 2011,
  volume	= 21,
  number	= 10,
  pages		= {2313-21}
}

@Article{	  fehr2008,
  author	= {Fehr, Thorsten and Code, Chris and Herrmann, Manfred},
  journal	= {Neuroscience Letters},
  number	= 1,
  pages		= {39-44},
  title		= {Auditory task presentation reveals predominantly right
		  hemispheric {fMRI} activation patterns during mental
		  calculation.},
  volume	= 431,
  year		= 2008
}

@Article{	  fischl1999_cortical,
  author	= {B Fischl and M I Sereno and A M Dale},
  title		= {Cortical surface-based analysis {II}: Inflation,
		  flattening, and a surface-based coordinate system},
  journal	= {NeuroImage},
  year		= 1999,
  volume	= 9,
  number	= 2,
  pages		= {195-207}
}

@Article{	  fischl1999_intersubject,
  author	= {B Fischl and M I Sereno and R B Tootell and A M Dale},
  title		= {High-resolution intersubject averaging and a coordinate
		  system for the cortical surface},
  journal	= {Human Brain Mapping},
  year		= 1999,
  volume	= 8,
  number	= 4,
  pages		= {272-84}
}

@Article{	  fischl2000,
  author	= {B Fischl and A M Dale},
  title		= {Measuring the thickness of the human cerebral cortex from
		  magnetic resonance images},
  journal	= {Proceedings of the National Academy of Sciences of U. S.
		  A.},
  year		= 2000,
  volume	= 97,
  number	= 20,
  pages		= {11050-5}
}

@Article{	  fischl2001,
  author	= {B Fischl and A Liu and A M Dale},
  title		= {Automated manifold surgery: constructing geometrically
		  accurate and topologically correct models of the human
		  cerebral cortex},
  journal	= {IEEE Transactions on Medical Imaging},
  year		= 2001,
  volume	= 20,
  number	= 1,
  pages		= {70-80}
}

@Article{	  fischl2008,
  author	= {B Fischl and N Rajendran and E Busa and J Augustinack and
		  O Hinds and B T Yeo and H Mohlberg and K Amunts and K
		  Zilles},
  title		= {Cortical folding patterns and predicting
		  cytoarchitecture},
  journal	= {Cerebral Cortex},
  year		= 2008,
  volume	= 18,
  number	= 8,
  pages		= {1973-80}
}

@Article{	  fischl2009,
  author	= {B Fischl and A A Stevens and N Rajendran and B T Yeo and D
		  N Greve and K Van Leemput and J R Polimeni and S Kakunoori
		  and R L Buckner and J Pacheco and D H Salat and J Melcher
		  and M P Frosch and B T Hyman and P E Grant and B R Rosen
		  and A J van der Kouwe and G C Wiggins and L L Wald and J C
		  Augustinack},
  title		= {Predicting the location of entorhinal cortex from {MRI}},
  journal	= {NeuroImage},
  year		= 2009,
  volume	= 47,
  number	= 1,
  pages		= {8-17}
}

@Article{	  fish2008,
  author	= {J L Fish and C Dehay and H Kennedy and W B Huttner},
  title		= {Making bigger brains - the evolution of
		  neural-progenitor-cell division},
  journal	= {Journal of Cell Science},
  year		= 2008,
  volume	= 121,
  pages		= {2783-93}
}

@Book{		  fisher1932,
  author	= {R A Fisher},
  title		= {Statistical Methods for Research Workers},
  address	= {Edinburgh},
  publisher	= {Oliver and Boyd},
  year		= 1932,
  edition	= 4
}

@Book{		  fisher1935,
  author	= {R A Fisher},
  title		= {The Design of Experiments},
  address	= {Edinburgh},
  publisher	= {Oliver and Boyd},
  year		= 1935
}

@Article{	  fisher1935_fid,
  author	= {Fisher, R. A.},
  journal	= {Annals of Eugenics},
  number	= {4},
  pages		= {391--398},
  title		= {The fiducial argument in statistical inference},
  volume	= {6},
  year		= {1935}
}

@Article{	  flowerdew1991,
  author	= {R Flowerdew and M Green and E Kehris},
  title		= {Using areal interpolation methods in geographic
		  information systems},
  journal	= {Papers in Regional Science},
  year		= 1991,
  volume	= 70,
  number	= 3,
  pages		= {303-15}
}

@Article{	  forman1995,
  author	= {Forman, S D and Cohen, J D and Fitzgerald, M and Eddy, W F
		  and Mintun, M A and Noll, D C},
  journal	= {Magnetic Resonance in Medicine},
  number	= 5,
  pages		= {636-47},
  title		= {Improved assessment of significant activation in
		  functional magnetic resonance imaging ({fMRI}): use of a
		  cluster-size threshold.},
  volume	= 33,
  year		= 1995
}

@Article{	  fox1988,
  author	= {Fox, P T and Mintun, M A and Reiman, E M and Raichle, M
		  E},
  journal	= {Journal of Cerebral Blood Flow and Metabolism},
  number	= {5},
  pages		= {642--53},
  title		= {Enhanced detection of focal brain responses using
		  intersubject averaging and change-distribution analysis of
		  subtracted {PET} images.},
  volume	= {8},
  year		= {1988}
}

@Article{	  freedman1983,
  author	= {Freedman, David and Lane, David},
  journal	= {Journal of Business \& Economic Statistics},
  number	= 4,
  pages		= {292-8},
  title		= {A Nonstochastic Interpretation of Reported Significance
		  Levels},
  volume	= 1,
  year		= 1983
}

@Article{	  friston1991,
  author	= {Friston, K J and Frith, C D and Liddle, P F and
		  Frackowiak, R S},
  journal	= {Journal of Cerebral Blood Flow and Metabolism},
  number	= {4},
  pages		= {690--9},
  title		= {Comparing functional ({PET}) images: the assessment of
		  significant change.},
  volume	= {11},
  year		= {1991}
}

@Article{	  friston1993,
  author	= {Friston, K. J. and Worsley, K. J. and Frackowiak, R. S. J.
		  and Mazziotta, J. C. and Evans, A. C.},
  journal	= {Human Brain Mapping},
  number	= 3,
  pages		= {210-220},
  title		= {Assessing the significance of focal activations using
		  their spatial extent},
  volume	= 1,
  year		= 1993
}

@Article{	  friston1999,
  author	= {Friston, K J and Holmes, A P and Price, C J and
		  B\"{u}chel, C and Worsley, K J},
  journal	= {NeuroImage},
  number	= {4},
  pages		= {385--96},
  title		= {Multisubject {fMRI} studies and conjunction analyses.},
  volume	= {10},
  year		= {1999}
}

@Article{	  friston2005,
  author	= {Friston, Karl J and Penny, William D and Glaser, Daniel
		  E},
  journal	= {NeuroImage},
  number	= {3},
  pages		= {661--7},
  title		= {Conjunction revisited.},
  volume	= {25},
  year		= {2005}
}

@Article{	  gaddum1945,
  author	= {J H Gaddum},
  journal	= {Nature},
  number	= 3964,
  pages		= {463-6},
  title		= {Lognormal distributions},
  volume	= 156,
  year		= 1945
}

@Article{	  gail1988,
  author	= {Gail, M H and Tan, W Y and Piantadosi, S},
  journal	= {Biometrika},
  number	= 1,
  pages		= {57-64},
  title		= {Tests for no treatment effect in randomized clinical
		  trials},
  volume	= 75,
  year		= 1988
}

@Article{	  genovese2002,
  author	= {Genovese, Christopher R and Lazar, Nicole A and Nichols,
		  Thomas},
  journal	= {NeuroImage},
  number	= {4},
  pages		= {870--8},
  title		= {Thresholding of statistical maps in functional
		  neuroimaging using the false discovery rate.},
  volume	= {15},
  year		= {2002}
}

@Article{	  geyer2011,
  author	= {S Geyer and M Weiss and K Reimann and G Lohmann and R
		  Turner},
  title		= {Microstructural Parcellation of the Human Cerebral Cortex
		  - From Brodmann's Post-Mortem Map to in vivo Mapping with
		  High-Field Magnetic Resonance Imaging},
  journal	= {Frontiers Human Neuroscience},
  year		= 2011,
  volume	= 5,
  pages		= 19
}

@Article{	  glaunes2004,
  author	= {Joan Glaun\`{e}s and Marc Vaillant and Michael I Miller},
  title		= {Landmark Matching via Large Deformation Diffeomorphisms on
		  the Sphere},
  journal	= {Journal of Mathematical Imaging and Vision},
  year		= {2004},
  volume	= {1-2},
  pages		= {179-200}
}

@Article{	  gonzalez1998,
  author	= {Gonzalez, Liliana and Manly, Bryan F. J.},
  journal	= {Environmetrics},
  number	= 1,
  pages		= {53-65},
  title		= {Analysis of variance by randomization with small data
		  sets},
  volume	= 9,
  year		= 1998
}

@Article{	  good1955,
  author	= {Good, I J},
  journal	= {Journal of the Royal Statistical Society. Series B},
  number	= {2},
  pages		= {264--265},
  title		= {On the weighted combination of significance tests},
  volume	= {17},
  year		= {1955}
}

@Article{	  good2001,
  author	= {C D Good and I S Johnsrude and J Ashburner and R N Henson
		  and K J Friston and R S Frackowiak},
  title		= {A voxel-based morphometric study of ageing in 465 normal
		  adult human brains},
  journal	= {NeuroImage},
  year		= 2001,
  volume	= 14,
  number	= {1 Pt 1},
  pages		= {21-36}
}

@Article{	  good2002,
  author	= {Good, Phillip},
  journal	= {Journal of Modern Applied Statistical Methods},
  number	= 2,
  pages		= {243-247},
  title		= {Extensions Of The Concept Of Exchangeability And Their
		  Applications},
  volume	= 1,
  year		= 2002
}

@Book{		  good2005,
  author	= {Good, Phillip},
  title		= {Permutation, Parametric, and Bootstrap Tests of
		  Hypotheses},
  address	= {New York},
  publisher	= {Springer},
  year		= 2005
}

@Article{	  goodchild1980,
  author	= {M F Goodchild and N S-N Lam},
  title		= {Areal interpolation: a variant of the traditional spatial
		  problem},
  journal	= {Geo-Processing},
  year		= {1980},
  volume	= {1},
  pages		= {297-312}
}

@Book{		  goodman2004,
  author	= {Jacob E Goodman and Joseph O'Rourke},
  title		= {Handbook of Discrete and Computational Geometry},
  address	= {Cambridge, MA, USA},
  publisher	= {Chapman and Hall/CRC},
  year		= 2004
}

@Article{	  gotway2002,
  author	= {C A Gotway and L J Young},
  title		= {Combining incompatible spatial data},
  journal	= {Journal of the American Statistical Association},
  year		= {2002},
  volume	= {97},
  number	= {458},
  pages		= {632-48}
}

@Article{	  gouraud1971,
  author	= {Gouraud, H.},
  journal	= {{IEEE} Transactions on Computers},
  number	= 6,
  pages		= {623-629},
  title		= {Continuous shading of curved surfaces},
  volume	= {C-20},
  year		= 1971
}

@Article{	  gregory2010,
  author	= {Ian N Gregory and Jordi Marti-Henneberg and Francisco J
		  Tapiador},
  title		= {Modelling long-term pan-European population change from
		  1870 to 2000 by using geographical information systems},
  journal	= {Journal of the Royal Statistical Society. Series A},
  year		= {2010},
  volume	= {173},
  number	= {1},
  pages		= {31-50}
}

@Article{	  guibas1987,
  author	= {Leonidas J. Guibas and Raimund Seidel},
  title		= {Computing convolutions by reciprocal search},
  journal	= {Discrete \& Computational Geometry},
  year		= {1987},
  volume	= {2},
  number	= {1},
  pages		= {175-93}
}

@Book{		  guttman1982,
  author	= {Irwin Guttman},
  title		= {Linear Models: An Introduction},
  address	= {New York},
  publisher	= {Wiley},
  year		= 1982
}

@Article{	  hagler2006,
  author	= {Hagler, Donald J and Saygin, Ayse Pinar and Sereno, Martin
		  I},
  journal	= {NeuroImage},
  number	= 4,
  pages		= {1093-103},
  title		= {Smoothing and cluster thresholding for cortical
		  surface-based group analysis of {fMRI} data.},
  volume	= 33,
  year		= 2006
}

@Article{	  hagmann2008,
  author	= {Hagmann, Patric and Cammoun, Leila and Gigandet, Xavier
		  and Meuli, Reto and Honey, Christopher J and Wedeen, Van J
		  and Sporns, Olaf},
  journal	= {{PLoS} Biology},
  number	= {7},
  pages		= {e159},
  title		= {Mapping the structural core of human cerebral cortex.},
  volume	= 6,
  year		= 2008
}

@Article{	  hall1989,
  author	= {Hall, P and Titterington, D. M.},
  journal	= {Journal of the Royal Statistical Society. Series B},
  number	= 3,
  pages		= {459-467},
  title		= {The effect of simulation order on level accuracy and power
		  of {M}onte {C}arlo tests},
  volume	= 51,
  year		= 1989
}

@Article{	  hall1991,
  author	= {Hall, Peter and Wilson, S R},
  journal	= {Biometrics},
  number	= {2},
  pages		= {757--762},
  title		= {Two guidelines for bootstrap hypothesis testing},
  volume	= {47},
  year		= {1991}
}

@Article{	  hayasaka2003,
  author	= {Hayasaka, S and Nichols, T E},
  journal	= {NeuroImage},
  number	= 4,
  pages		= {2343-2356},
  title		= {Validating cluster size inference: random field and
		  permutation methods},
  volume	= 20,
  year		= 2003
}

@Article{	  hayasaka2004_nonstationary,
  author	= {Hayasaka, Satoru and Phan, K Luan and Liberzon, Israel and
		  Worsley, Keith J and Nichols, Thomas E},
  journal	= {NeuroImage},
  number	= 2,
  pages		= {676-87},
  title		= {Nonstationary cluster-size inference with random field and
		  permutation methods.},
  volume	= 22,
  year		= 2004
}

@Article{	  hayasaka2004_combining,
  author	= {Hayasaka, Satoru and Nichols, Thomas E},
  journal	= {NeuroImage},
  number	= {1},
  pages		= {54--63},
  title		= {Combining voxel intensity and cluster extent with
		  permutation test framework.},
  volume	= {23},
  year		= {2004}
}

@Article{	  hayasaka2006,
  author	= {Hayasaka, Satoru and Du, An-Tao and Duarte, Audrey and
		  Kornak, John and Jahng, Geon-Ho and Weiner, Michael W and
		  Schuff, Norbert},
  journal	= {NeuroImage},
  number	= {3},
  pages		= {768--79},
  title		= {A non-parametric approach for co-analysis of multi-modal
		  brain imaging data: application to Alzheimer's disease.},
  volume	= {30},
  year		= {2006}
}

@Article{	  hayter1986,
  author	= {Hayter, Aj Anthony J.},
  journal	= {Journal of the American Statistical Association},
  number	= {396},
  pages		= {1000--1004},
  title		= {The maximum familywise error rate of {F}isher's least
		  significant difference test},
  volume	= {81},
  year		= {1986}
}

@Article{	  hill2010,
  author	= {J Hill and T Inder and J Neil and D Dierker and J Harwell
		  and D van Essen},
  title		= {Similar patterns of cortical expansion during human
		  development and evolution},
  journal	= {Proceedings of the National Academy of Sciences of U. S.
		  A.},
  year		= 2010,
  volume	= 107,
  number	= 29,
  pages		= {13135-40}
}

@Article{	  hinds2008,
  author	= {O P Hinds and N Rajendran and J R Polimeni and J C
		  Augustinack and G Wiggins and L L Wald and H Diana Rosas
		  and A Potthast and E L Schwartz and B Fischl},
  title		= {Accurate prediction of {V1} location from cortical folds
		  in a surface coordinate system},
  journal	= {NeuroImage},
  year		= 2008,
  volume	= 39,
  number	= 4,
  pages		= {1585-99}
}

@Article{	  hinds2009,
  author	= {O Hinds and J R Polimeni and N Rajendran and M
		  Balasubramanian and K Amunts and K Zilles and E L Schwartz
		  and B Fischl and C Triantafyllou},
  title		= {Locating the functional and anatomical boundaries of human
		  primary visual cortex},
  journal	= {NeuroImage},
  year		= 2009,
  volume	= 46,
  number	= 4,
  pages		= {915-22}
}

@Book{		  hochberg1987,
  author	= {Hochberg, Y. and Tamhane, A. C.},
  title		= {Multiple Comparison Procedures},
  year		= {1987},
  publisher	= {John Wiley \& Sons, Inc.},
  address	= {New York, NY, USA}
}

@Article{	  holm1979,
  author	= {Holm, S.},
  journal	= {Scandinavian Journal of Statistics},
  number	= {2},
  pages		= {65--70},
  title		= {A simple sequentially rejective multiple test procedure},
  volume	= {6},
  year		= {1979}
}

@Article{	  holmes1996,
  author	= {Holmes, A P and Blair, R C and Watson, J D and Ford, I},
  journal	= {Journal of Cerebral Blood Flow and Metabolism},
  number	= 1,
  pages		= {7-22},
  title		= {Nonparametric analysis of statistic images from functional
		  mapping experiments.},
  volume	= 16,
  year		= 1996
}

@Article{	  horn1975,
  author	= {Horn, S D and Horn, R A and Duncan, D B},
  journal	= {Journal of the American Statistical Association},
  number	= {350},
  pages		= {380-385},
  title		= {Estimating heteroscedastic variances in linear models},
  volume	= 70,
  year		= 1975
}

@Article{	  hotelling1931,
  author	= {Hotelling, H.},
  journal	= {The Annals of Mathematical Statistics},
  number	= {3},
  pages		= {360--378},
  title		= {The generalization of {S}tudent's ratio},
  volume	= {2},
  year		= {1931}
}

@InProceedings{	  hotelling1951,
  address	= {Berkeley},
  author	= {Hotelling, H},
  booktitle	= {Proceedings of the Second Berkeley Symposium on
		  Mathematical Statistics and Probability},
  editor	= {Neyman, J.},
  number	= {042},
  pages		= {23--41},
  publisher	= {University of California Press},
  title		= {A generalized {T} test and measure of multivariate
		  dispersion},
  year		= {1951}
}

@Book{		  hsu1996,
  author	= {Hsu, Jason C.},
  title		= {Multiple Comparison: Theory and Methods},
  year		= {1996},
  publisher	= {Chapman \& Hall/CRC},
  address	= {Boca Raton, FL, USA}
}

@Article{	  hubel1969,
  author	= {D H Hubel and T N Wiesel},
  title		= {Anatomical demonstration of columns in the monkey striate
		  cortex},
  journal	= {Nature},
  year		= 1969,
  volume	= 221,
  number	= 5182,
  pages		= {747-50}
}

@Article{	  huh2001,
  author	= {Huh, M. H. and Jhun, Myoungshic},
  journal	= {Communications in Statistics -- Theory and Methods},
  number	= 10,
  pages		= {2023-2032},
  title		= {Random permutation testing in multiple linear regression},
  volume	= 30,
  year		= 2001
}

@Article{	  hutton2008,
  author	= {C Hutton and E De Vita and J Ashburner and R Deichmann and
		  R Turner},
  title		= {Voxel-based cortical thickness measurements in {MRI}},
  journal	= {NeuroImage},
  year		= 2008,
  volume	= 40,
  pages		= {1701-10}
}

@Article{	  james1951,
  author	= {James, GS},
  journal	= {Biometrika},
  number	= 3,
  pages		= {324-329},
  title		= {The comparison of several groups of observations when the
		  ratios of the population variances are unknown},
  volume	= 38,
  year		= 1951
}

@Article{	  jiang2011,
  author	= {Jiang, Bo and Zhang, Xiao and Zuo, Yijun and Kang,
		  Guolian},
  journal	= {Journal of Theoretical Biology},
  number	= {1},
  pages		= {67--73},
  title		= {A powerful truncated tail strength method for testing
		  multiple null hypotheses in one dataset.},
  volume	= {277},
  year		= {2011}
}

@Book{		  johnson2007,
  author	= {Richard A. Johnson and Dean W. Wichern},
  title		= {Applied Multivariate Statistical Analysis},
  address	= {Upper Sadle River, NJ {USA}},
  publisher	= {Pearson Prentice Hall},
  edition	= 6,
  year		= 2007
}

@Article{	  jones1999,
  author	= {Philip W Jones},
  title		= {First- and Second-Order Conservative Remapping Schemes for
		  Grids in Spherical Coordinates},
  journal	= {Monthly Weather Review},
  year		= 1999,
  volume	= 127,
  number	= 9,
  pages		= {2204-10}
}

@Article{	  joyner2009,
  author	= {Alexander H Joyner and J Cooper Roddey and Cinnamon S
		  Bloss and Trygve E Bakken and Lars M Rimol and Ingrid Melle
		  and Ingrid Agartz and Srdjan Djurovic and Eric J Topol and
		  Nicholas J Schork and Ole A Andreassen and Anders M Dale},
  title		= {A common {MECP2} haplotype associates with reduced
		  cortical surface area in humans in two independent
		  populations},
  journal	= {Proceedings of the National Academy of Sciences of U. S.
		  A.},
  year		= 2009,
  volume	= 106,
  number	= 36,
  pages		= {15483-8}
}

@Article{	  jung2006,
  author	= {Jung, B. C. and Jhun, Myoungshic and Song, S. H.},
  journal	= {Statistical Papers},
  number	= 1,
  pages		= {47-62},
  title		= {A new random permutation test in {ANOVA} models},
  volume	= 48,
  year		= 2006
}

@Article{	  kahler2011,
  author	= {A K K\"{a}hler and S Djurovic and L M Rimol and A A Brown
		  and L Athanasiu and E G J\"{o}nsson and T Hansen and O
		  G\'{u}stafsson and H Hall and I Giegling and P Muglia and S
		  Cichon and M Rietschel and O P Pietil\"{a}inen and L
		  Peltonen and E Bramon and D Collier and D St Clair and E
		  Sigurdsson and H Petursson and D Rujescu and I Melle and T
		  Werge and V M Steen and A M Dale and R T Matthews and I
		  Agartz and O A Andreassen},
  title		= {Candidate gene analysis of the human natural killer-1
		  carbohydrate pathway and perineuronal nets in
		  schizophrenia: {B3GAT2} is associated with disease risk and
		  cortical surface area},
  journal	= {Biological Psychiatry},
  year		= 2011,
  volume	= 69,
  number	= 1,
  pages		= {90-6}
}

@Book{		  kapteyn1916,
  author	= {J C Kapteyn and M J van Uven},
  title		= {Skew frequency curves in biology and statistics},
  address	= {Groningen, The Netherlands},
  publisher	= {Hoitsema Brothers},
  year		= 1916
}

@Book{		  kempthorne1952,
  author	= {Kempthorne, O},
  title		= {The Design and Analysis of Experiments},
  address	= {New York},
  publisher	= {John Wiley and Sons},
  year		= 1952
}

@Article{	  kempthorne1955,
  author	= {Kempthorne, O},
  journal	= {Journal of the American Statistical Association},
  number	= 271,
  pages		= {946-967},
  title		= {The randomization theory of experimental inference},
  volume	= 50,
  year		= 1955
}

@Article{	  kennedy1995,
  author	= {Kennedy, P. E.},
  journal	= {Journal of Business \& Economic Statistics},
  number	= 1,
  pages		= {85-94},
  title		= {Randomization Tests in Econometrics},
  volume	= 13,
  year		= 1995
}

@Article{	  kennedy1996,
  author	= {Kennedy, Peter E and Cade, Brian S.},
  journal	= {Communications in Statistics-Simulation},
  pages		= {923-936},
  title		= {Randomization tests for multiple regression},
  volume	= 25,
  issue		= 4,
  year		= 1996
}

@Book{		  kenner1976,
  author	= {Hugh Kenner},
  title		= {Geodesic math and how to use it},
  address	= {Los Angeles, CA, USA},
  publisher	= {University of California Press},
  year		= 1976
}

@Article{	  kherad2010,
  author	= {Kherad-Pajouh, Sara and Renaud, Olivier},
  journal	= {Computational Statistics \& Data Analysis},
  number	= 7,
  pages		= {1881-1893},
  title		= {An exact permutation method for testing any effect in
		  balanced and unbalanced fixed effect {ANOVA}},
  volume	= 54,
  year		= 2010
}

@Article{	  kim1998,
  author	= {Kim, SH and Cohen, AS},
  journal	= {Journal of Educational and Behavioral Statistics},
  number	= {4},
  pages		= {356--377},
  title		= {On the {B}ehrens-{F}isher problem: A review},
  volume	= {23},
  year		= {1998}
}

@Article{	  kim2005,
  author	= {J S Kim and V Singh and J K Lee and J Lerch and Y
		  Ad-Dab'bagh and D MacDonald and J M Lee and S I Kim and A C
		  Evans},
  title		= {Automated {3-D} extraction and evaluation of the inner and
		  outer cortical surfaces using a {L}aplacian map and partial
		  volume effect classification},
  journal	= {NeuroImage},
  year		= 2005,
  volume	= 27,
  number	= 1,
  pages		= {210-21}
}

@Article{	  kim2009,
  author	= {E Y Kim and D H Kim and J H Chang and E Yoo and J W Lee
		  and H J Park},
  title		= {Triple-layer appearance of {B}rodmann area 4 at
		  thin-section double inversion-recovery {MR} imaging},
  journal	= {Radiology},
  year		= 2009,
  volume	= 250,
  number	= 2,
  pages		= {515-22}
}

@Article{	  klein2010,
  author	= {Klein, Arno and Ghosh, Satrajit S and Avants, Brian and
		  Yeo, B T T and Fischl, Bruce and Ardekani, Babak and Gee,
		  James C and Mann, J J and Parsey, Ramin V},
  journal	= {NeuroImage},
  number	= 1,
  pages		= {214-20},
  title		= {Evaluation of volume-based and surface-based brain image
		  registration methods},
  volume	= 51,
  year		= 2010
}

@Article{	  klunk2004,
  author	= {Klunk, William E and Engler, Henry and Nordberg, Agneta
		  and Wang, Yanming and Blomqvist, Gunnar and Holt, Daniel P
		  and Bergstr\"{o}m, Mats and Savitcheva, Irina and Huang,
		  Guo-Feng and Estrada, Sergio and Aus\'{e}n, Birgitta and
		  Debnath, Manik L and Barletta, Julien and Price, Julie C
		  and Sandell, Johan and Lopresti, Brian J and Wall, Anders
		  and Koivisto, Pernilla and Antoni, Gunnar and Mathis,
		  Chester A and L\aa{}ngstr\"{o}m, Bengt},
  title		= {{Imaging brain amyloid in Alzheimer's disease with
		  Pittsburgh Compound-B.}},
  journal	= {Annals of Neurology},
  volume	= 55,
  number	= 3,
  pages		= {306-19},
  year		= 2004
}

@Book{		  knuth2005,
  author	= {Donald E Knuth},
  title		= {The Art of Computer Programming. Volume 4, Fascicle 2},
  publisher	= {Addison-Wesley},
  year		= 2005
}

@Article{	  koch1966,
  author	= {Koch, A L},
  journal	= {Journal of Theoretical Biology},
  number	= 2,
  pages		= {276-90},
  title		= {The logarithm in biology. 1. Mechanisms generating the
		  log-normal distribution exactly.},
  volume	= 12,
  year		= 1966
}

@article{Koch1969,
author = {Koch, A L},
journal = {Journal of Theoretical Biology},
number = {2},
pages = {251--68},
title = {The logarithm in biology. {II}. Distributions simulating the log-normal.},
volume = {23},
year = {1969}
}

@Article{	  kochunov2006,
  author	= {P Kochunov and J L Lancaster and D C Glahn and D Purdy and
		  A R Laird and F Gao and P T Fox},
  title		= {Retrospective motion correction protocol for
		  high-resolution anatomical {MRI}},
  journal	= {Human Brain Mappping},
  year		= 2006,
  volume	= 27,
  number	= 12,
  pages		= {957-62}
}

@Article{	  kost2002,
  author	= {Kost, James T and McDermott, Michael P},
  journal	= {Statistics \& Probability Letters},
  number	= {2},
  pages		= {183--190},
  title		= {Combining dependent p-values},
  volume	= {60},
  year		= {2002}
}

@Article{	  kuhfeld1986,
  author	= {Kuhfeld, Warren F.},
  journal	= {Psychometrika},
  number	= {3},
  pages		= {479--481},
  title		= {A note on {R}oy's largest root},
  volume	= {51},
  year		= {1986}
}

@Article{	  laird2004,
  author	= {Laird, Angela R and Rogers, Baxter P and Meyerand, M
		  Elizabeth},
  journal	= {Magnetic Resonance in Medicine},
  number	= 2,
  pages		= {418-22},
  title		= {Comparison of {F}ourier and wavelet resampling methods.},
  volume	= 51,
  year		= 2004
}

@Article{	  lancaster1961,
  author	= {Lancaster, H. O.},
  journal	= {Australian Journal of Statistics},
  number	= {1},
  pages		= {20--33},
  title		= {The combination of probabilities: an application of
		  orthonormal functions},
  volume	= {3},
  year		= {1961}
}

@TechReport{	  lauchner1969,
  author	= {Lauchner, Julian H. and {Buckminster Fuller}, R. and
		  Clinton, Joseph D. and Mabee, Mark B. and Moeller, Richard
		  M. and Flood, Richard},
  institution	= {Southern Illinois University},
  title		= {Structural design concepts for future space missions.
		  {NASA} Contract {NGR}-14-008-002.},
  year		= 1969
}

@Article{	  lauritzen2008,
  author	= {Peter H Lauritzen And Ramachandran D Nair},
  title		= {Monotone and Conservative Cascade Remapping between
		  Spherical Grids ({CaRS}): Regular Latitude-Longitude and
		  Cubed-Sphere Grids},
  journal	= {Monthly Weather Review},
  year		= 2008,
  volume	= 136,
  number	= 4,
  pages		= {1416-32}
}

@Article{	  lawley1938,
  author	= {Lawley, D N},
  journal	= {Biometrika},
  number	= {1},
  pages		= {180--187},
  title		= {A Generalization of {F}isher's z Test},
  volume	= {30},
  year		= {1938}
}

@Article{	  lazar2002,
  author	= {Lazar, Nicole A and Luna, Beatriz and Sweeney, John A and
		  Eddy, William F},
  journal	= {NeuroImage},
  month		= jun,
  number	= {2},
  pages		= {538--50},
  title		= {Combining brains: a survey of methods for statistical
		  pooling of information.},
  volume	= {16},
  year		= {2002}
}

@Article{	  lehmann1949,
  author	= {Lehmann, EL and Stein, C},
  journal	= {The Annals of Mathematical Statistics},
  number	= {1},
  pages		= {28-45},
  title		= {On the theory of some non-parametric hypotheses},
  volume	= {20},
  year		= {1949}
}

@Book{	  lehmann2005,
  author	= {E L Lehmann and Joseph P. Romano},
  title		= {Testing Statistical Hypotheses},
  address	= {New York, NY, USA},
  publisher	= {Springer},
  edition	= {3},
  year		= 2005
}

@Article{	  levin1983,
  author	= {Levin, Bruce and Robbins, Herbert},
  journal	= {Law and Contemporary Problems},
  number	= 4,
  pages		= {247-267},
  title		= {Urn models for regression analysis, with applications to
		  employment discrimination studies},
  volume	= 46,
  year		= 1983
}

@Article{	  li2011,
  author	= {Li, Jia and Tseng, George C.},
  journal	= {Annals of Applied Statistics},
  number	= {2},
  pages		= {994--1019},
  title		= {An adaptively weighted statistic for detecting
		  differential gene expression when combining multiple
		  transcriptomic studies},
  volume	= {5},
  year		= {2011}
}

@Article{	  licata2013,
  author	= {Licata, Stephanie C. and Nickerson, Lisa D. and Lowen,
		  Steven B. and Trksak, George H. and MacLean, Robert R. and
		  Lukas, Scott E.},
  journal	= {NeuroImage},
  pages		= {211--222},
  title		= {The hypnotic zolpidem increases the synchrony of {BOLD}
		  signal fluctuations in widespread brain networks during a
		  resting paradigm},
  volume	= {70},
  year		= {2013}
}

@Article{	  limpert2001,
  author	= {Limpert, Eckhard and Stahel, Werner a. and Abbt, Markus},
  journal	= {BioScience},
  number	= 5,
  pages		= {341-352},
  title		= {Log-normal Distributions across the Sciences: Keys and
		  Clues},
  volume	= 51,
  year		= 2001
}

@Article{	  liptak1958,
  author	= {T Lipt\'{a}k},
  journal	= {A Magyar Tudom\'{a}nyos Akad\'{e}mia Matematikai
		  Kutat\'{o} Int\'{e}zet\'{e}nek K\"{o}zl\'{e}menyei},
  pages		= {171--197},
  title		= {On the combination of independent tests.},
  volume	= {3},
  year		= {1958}
}

@Article{	  locascio1997,
  author	= {Locascio, J J and Jennings, P J and Moore, C I and Corkin,
		  S},
  journal	= {Human Brain Mapping},
  number	= {3},
  pages		= {168--93},
  title		= {Time series analysis in the time domain and resampling
		  methods for studies of functional magnetic resonance brain
		  imaging.},
  volume	= {5},
  year		= {1997}
}

@Article{	  lombardi2002,
  author	= {Lombardi, Marco},
  journal	= {Astronomy \& Astrophysics},
  volume	= 395,
  number	= 2,
  pages		= {733-45},
  title		= {Interpolation and smoothing},
  year		= 2002
}

@Article{	  loughin2004,
  author	= {Loughin, T},
  journal	= {Computational Statistics \& Data Analysis},
  number	= {3},
  pages		= {467--485},
  title		= {A systematic comparison of methods for combining p-values
		  from independent tests},
  volume	= {47},
  year		= {2004}
}

@Article{	  ludbrook1998,
  author	= {Ludbrook, John and Dudley, Hugh},
  journal	= {The American Statistician},
  number	= 2,
  pages		= {127-132},
  title		= {Why permutation tests are superior to t and {F} tests in
		  biomedical research},
  volume	= 52,
  year		= 1998
}

@Article{	  lyttelton2009,
  author	= {Lyttelton, Oliver C and Karama, Sherif and Ad-Dab'bagh,
		  Yasser and Zatorre, Robert J and Carbonell, Felix and
		  Worsley, Keith and Evans, Alan C},
  journal	= {NeuroImage},
  number	= 4,
  pages		= {895-903},
  title		= {Positional and surface area asymmetry of the human
		  cerebral cortex},
  volume	= 46,
  year		= 2009
}

@Article{	  macdonald2000,
  author	= {D MacDonald and N Kabani and D Avis and A C Evans},
  title		= {Automated {3-D} extraction of inner and outer surfaces of
		  cerebral cortex from {MRI}},
  journal	= {NeuroImage},
  year		= 2000,
  volume	= 12,
  number	= 3,
  pages		= {340-56}
}

@Article{	  magnus2005,
  author	= {Magnus, J R and Sinha, A K},
  journal	= {The Econometrics Journal},
  number	= 1,
  pages		= {39--54},
  title		= {On {T}heil's errors},
  volume	= 8,
  year		= 2005
}

@Article{	  mangin1995,
  author	= {J-F Mangin and V Frouin and I Bloch and J Regis and J
		  Lopes-Krabe},
  title		= {From {3D} {MR} images to structural representations of the
		  cortex topography using topology preserving deformations},
  journal	= {Journal of Mathematical Imaging and Vision},
  year		= 1995,
  volume	= 5,
  pages		= {297-318}
}

@Article{	  manly1986,
  author	= {Manly, Bryan F. J.},
  journal	= {Researches on Population Ecology},
  number	= 2,
  pages		= {201-218},
  title		= {Randomization and regression methods for testing for
		  associations with geographical, environmental and
		  biological distances between populations},
  volume	= 28,
  year		= 1986
}

@Book{		  manly2007,
  author	= {B F J Manly},
  title		= {Randomization, Bootstrap and Monte Carlo Methods in
		  Biology},
  edition	= {3rd},
  address	= {London},
  publisher	= {Chapman \& Hall},
  year		= 2007
}

@Article{	  marcus1976,
  author	= {Marcus, Ruth and Peritz, Eric and Gabriel, K. R.},
  journal	= {Biometrika},
  number	= {3},
  pages		= {655},
  title		= {On Closed Testing Procedures with Special Reference to
		  Ordered Analysis of Variance},
  volume	= {63},
  year		= {1976}
}

@Article{	  markoff1973,
  author	= {John Markoff and Gilbert Shapiro},
  title		= {The linkage of data describing overlapping geographical
		  units},
  journal	= {Historical Methods Newsletter},
  year		= 1973,
  volume	= 7,
  number	= 1,
  pages		= {34-46}
}

@Article{	  marroquin2011,
  author	= {Marroquin, Jose L and Biscay, Rolando J and Ruiz-Correa,
		  Salvador and Alba, Alfonso and Ramirez, Roxana and Armony,
		  Jorge L},
  journal	= {NeuroImage},
  number	= {4},
  pages		= {1954--67},
  title		= {Morphology-based hypothesis testing in discrete random
		  fields: a non-parametric method to address the
		  multiple-comparison problem in neuroimaging.},
  volume	= 56,
  year		= 2011
}

@Book{		  matlab2015,
  year		= {2015},
  author	= {{The MathWorks Inc.}},
  title		= {MATLAB Version 8.5 (R2015a)},
  address	= {Natick, Massachusetts, USA}
}

@article{McAlister1879,
author = {McAlister, D.},
journal = {Proceedings of the Royal Society of London},
pages = {367--76},
publisher = {The Royal Society},
title = {The law of the geometric mean},
volume = {29},
year = {1879}
}

@Article{	  meier2006,
  author	= {Meier, Ulrich},
  journal	= {Pharmaceutical Statistics},
  number	= {4},
  pages		= {253--263},
  title		= {A note on the power of {F}isher's least significant
		  difference procedure},
  volume	= {5},
  year		= {2006}
}

@Article{	  miller1997,
  author	= {M Miller and A Banerjeea and G Christensen and S Joshi and
		  N Khaneja and U Grenander and L Matejic},
  title		= {Statistical methods in computational anatomy},
  journal	= {Statistical methods in Medical Research},
  year		= 1997,
  volume	= 6,
  number	= 3,
  pages		= {267-99}
}

@Article{	  mountcastle1957,
  author	= {V B Mountcastle and P W Davies and A L Berman},
  title		= {Response properties of neurons of cat's somatic sensory
		  cortex to peripheral stimuli},
  journal	= {Journal of Neurophysiology},
  year		= 1957,
  volume	= 20,
  number	= 4,
  pages		= {374-407}
}

@Book{		  mountcastle1998,
  author	= {V P Mountcastle},
  title		= {Perceptual Neuroscience: The Cerebral Cortex},
  address	= {Cambridge, MA, USA},
  publisher	= {Harvard University Press},
  year		= 1998
}

@InCollection{	  mudholkar1979,
  address	= {New York},
  author	= {Mudholkar, Govind S and George, E Olusegun},
  booktitle	= {Symposium on Optimizing Methods in Statistics},
  editor	= {Rustagi, J.},
  pages		= {345--366},
  publisher	= {Academic Press},
  title		= {{The logit statistic for combining probabilities}},
  year		= {1979}
}

@Article{	  nelson2010,
  author	= {Nelson, Steven M and Cohen, Alexander L and Power,
		  Jonathan D and Wig, Gagan S and Miezin, Francis M and
		  Wheeler, Mark E and Velanova, Katerina and Donaldson, David
		  I and Phillips, Jeffrey S and Schlaggar, Bradley L and
		  Petersen, Steven E},
  journal	= {Neuron},
  number	= 1,
  pages		= {156-70},
  title		= {A Parcellation Scheme for Human Left Lateral Parietal
		  Cortex.},
  volume	= 67,
  year		= 2010
}

@Article{	  nichols2002,
  author	= {Nichols, Thomas E and Holmes, Andrew P},
  journal	= {Human Brain Mapping},
  number	= 1,
  pages		= {1-25},
  title		= {Nonparametric permutation tests for functional
		  neuroimaging: a primer with examples.},
  volume	= 15,
  year		= 2002
}

@Article{	  nichols2003,
  author	= {Nichols, Thomas and Hayasaka, Satoru},
  journal	= {Statistical Methods in Medical Research},
  number	= {5},
  pages		= {419--46},
  title		= {Controlling the familywise error rate in functional
		  neuroimaging: a comparative review.},
  volume	= {12},
  year		= {2003}
}

@Article{	  nichols2005,
  author	= {Nichols, Thomas and Brett, Matthew and Andersson, Jesper
		  and Wager, Tor and Poline, Jean-Baptiste},
  journal	= {NeuroImage},
  number	= {3},
  pages		= {653--60},
  title		= {Valid conjunction inference with the minimum statistic.},
  volume	= {25},
  year		= {2005}
}

@Article{	  nichols2008,
  author	= {Thomas E Nichols and Gerard R Ridgway and Matthew G
		  Webster and Stephen M Smith},
  journal	= {NeuroImage},
  number	= {S1},
  pages		= {S72},
  title		= {{GLM} Permutation: {N}onparametric Inference for Arbitrary
		  General Linear Models},
  volume	= 41,
  year		= 2008
}

@Article{	  nichols2012,
  author	= {Nichols, Thomas},
  journal	= {NeuroImage},
  number	= {2},
  pages		= {811--815},
  title		= {Multiple testing corrections, nonparametric methods, and
		  random field theory},
  volume	= {62},
  year		= {2012}
}

@Article{	  nopoulos2010,
  author	= {P C Nopoulos and E H Aylward and C A Ross and H J Johnson
		  and V A Magnotta and A R Juhl and R K Pierson and J Mills
		  and D R Langbehn and J S Paulsen and {PREDICT-HD
		  Investigators Coordinators of Huntington Study Group
		  (HSG)}},
  title		= {Cerebral cortex structure in prodromal {H}untington
		  disease},
  journal	= {Neurobiology of Disease},
  year		= 2010,
  volume	= 40,
  number	= 3,
  pages		= {544-54}
}

@Article{	  ogorman2002,
  author	= {O'Gorman, Thomas W},
  journal	= {Statistics in Medicine},
  number	= 22,
  pages		= {3527-42},
  title		= {An adaptive test of significance for a subset of
		  regression coefficients.},
  volume	= 21,
  year		= 2002
}

@Article{	  ogorman2005,
  author	= {O'Gorman, Thomas W.},
  journal	= {Communications in Statistics -- Simulation and
		  Computation},
  number	= 4,
  pages		= {895-908},
  title		= {The Performance of Randomization Tests that Use
		  Permutations of Independent Variables},
  volume	= 34,
  year		= 2005
}

@Article{	  oja1987,
  author	= {Oja, H.},
  journal	= {Australian Journal of Statistics},
  number	= 1,
  pages		= {91-100},
  title		= {On permutation tests in multiple regression and analysis
		  of covariance problems},
  volume	= 29,
  year		= 1987
}

@Book{		  oosterhoff1969,
  author	= {Oosterhoff, Jacobus},
  title		= {Combination of one-sided statistical tests},
  address	= {Amsterdam, The Netherlands},
  publisher	= {Mathematisch Centrum},
  year		= 1969
}

@Article{	  owen2009,
  author	= {Owen, Art B.},
  journal	= {The Annals of Statistics},
  number	= {6B},
  pages		= {3867--3892},
  title		= {{K}arl {P}earson’s meta-analysis revisited},
  volume	= {37},
  year		= {2009}
}

@Article{	  palaniyappan2011,
  author	= {Palaniyappan, Lena and Mallikarjun, Pavan and Joseph,
		  Verghese and White, Thomas P and Liddle, Peter F},
  journal	= {Schizophrenia Research},
  number	= {2-3},
  pages		= {163-8},
  title		= {Regional contraction of brain surface area involves three
		  large-scale networks in schizophrenia.},
  volume	= 129,
  year		= 2011
}

@Article{	  panizzon2009,
  author	= {M S Panizzon and C Fennema-Notestine and L T Eyler and T L
		  Jernigan and E Prom-Wormley and M Neale and K Jacobson and
		  M J Lyons and M D Grant and C E Franz and H Xian and M
		  Tsuang and B Fischl and L Seidman and A Dale and W S
		  Kremen},
  title		= {Distinct genetic influences on cortical surface area and
		  cortical thickness},
  journal	= {Cerebral Cortex},
  year		= 2009,
  volume	= 19,
  number	= 11,
  pages		= {2728-35}
}

@Article{	  pantazis2005,
  author	= {Pantazis, Dimitrios and Nichols, Thomas E and Baillet,
		  Sylvain and Leahy, Richard M},
  journal	= {NeuroImage},
  number	= 2,
  pages		= {383-94},
  title		= {A comparison of random field theory and permutation
		  methods for the statistical analysis of {MEG} data.},
  volume	= 25,
  year		= 2005
}

@Article{	  pearson1933,
  author	= {Pearson, Karl},
  journal	= {Biometrika},
  number	= {3/4},
  pages		= {379--410},
  title		= {On a method of determining whether a sample of size n
		  supposed to have been drawn from a parent population having
		  a known probability integral has probably been drawn at
		  random},
  volume	= {25},
  year		= {1933}
}

@Article{	  pearson1934,
  author	= {Pearson, K},
  journal	= {Biometrika},
  number	= {4},
  pages		= {425--442},
  title		= {On a New Method of Determining ``Goodness of Fit''},
  volume	= {26},
  year		= {1934}
}

@Article{	  pearson1937,
  author	= {Pearson, E. S.},
  journal	= {Biometrika},
  number	= {1/2},
  pages		= {53-64},
  title		= {Some Aspects of the Problem of Randomization},
  volume	= 29,
  year		= 1937
}

@Article{	  peirce1884,
  author	= {Peirce, C S and Jastrow, J},
  journal	= {Memoirs of the National Academy of Sciences},
  pages		= {75--83},
  title		= {On small differences of sensation},
  volume	= {3},
  year		= {1884}
}

@Article{	  pesarin1990,
  author	= {Pesarin, Fortunato},
  journal	= {Psychotherapy and Psychosomatics},
  pages		= {172--179},
  title		= {On a nonparametric combination method for dependent
		  permutation tests with applications},
  volume	= {54},
  year		= {1990}
}

@Article{	  pesarin1992,
  author	= {Pesarin, Fortunato},
  journal	= {Journal of the Italian Statistical Society},
  number	= {1},
  pages		= {87--101},
  title		= {A resampling procedure for nonparametric combination of
		  several dependent tests},
  volume	= {1},
  year		= {1992}
}

@Article{	  pesarin1995,
  author	= {Fortunato Pesarin},
  title		= {A new solution for the generalized {B}ehrens--{F}isher
		  problem },
  journal	= {Statistica},
  volume	= {55},
  number	= {2},
  pages		= {131--146},
  year		= {1995}
}

@Book{		  pesarin2001,
  author	= {Fortunato Pesarin},
  title		= {Multivariate Permutation Tests: With Applications in
		  Biostatistics},
  address	= {West Sussex, England, {UK}},
  publisher	= {John Wiley and Sons},
  year		= 2001
}

@Book{		  pesarin2010,
  author	= {Fortunato Pesarin and Luigi Salmaso},
  title		= {Permutation Tests for Complex Data: Theory, Applications
		  and Software},
  address	= {West Sussex, England, {UK}},
  publisher	= {John Wiley and Sons},
  year		= 2010
}

@Article{	  pesarin2010_finite,
  author	= {Pesarin, Fortunato and Salmaso, Luigi},
  journal	= {Journal of Nonparametric Statistics},
  number	= {5},
  pages		= {669--684},
  title		= {Finite-sample consistency of combination-based permutation
		  tests with application to repeated measures designs},
  volume	= {22},
  year		= {2010}
}

@Article{	  petrovic2002,
  author	= {Petrovic, Predrag and Kalso, Eija and Petersson, Karl
		  Magnus and Ingvar, Martin},
  journal	= {Science},
  number	= {5560},
  pages		= {1737--1740},
  title		= {Placebo and opioid analgesia-- imaging a shared neuronal
		  network.},
  volume	= {295},
  year		= {2002}
}

@Article{	  phipson2010,
  author	= {Phipson, Belinda and Smyth, Gordon K},
  journal	= {Statistical applications in genetics and molecular
		  biology},
  number	= {1},
  pages		= {Article39},
  title		= {Permutation {P}-values should never be zero: calculating
		  exact {P}-values when permutations are randomly drawn.},
  volume	= {9},
  year		= {2010}
}

@Article{	  pierani2009,
  author	= {A Pierani and M Wassef},
  title		= {Cerebral cortex development: from progenitors to
		  patterning to neocortical size during evolution},
  journal	= {Development, Growth \& Differentiation},
  year		= 2009,
  volume	= 51,
  pages		= {325-42}
}

@Article{	  pillai1955,
  author	= {Pillai, K. C. S.},
  journal	= {The Annals of Mathematical Statistics},
  number	= {1},
  pages		= {117--121},
  title		= {Some New Test Criteria in Multivariate Analysis},
  volume	= {26},
  year		= {1955}
}

@Article{	  pitman1937-i,
  author	= {Pitman, E. J. G.},
  journal	= {Supplement to the Journal of the Royal Statistical
		  Society},
  number	= {1},
  pages		= {119-130},
  title		= {Significance Tests Which May be Applied to Samples From
		  any Populations},
  volume	= {4},
  year		= {1937}
}

@Article{	  pitman1937-ii,
  author	= {Pitman, E. J. G.},
  journal	= {Supplement to the Journal of the Royal Statistical
		  Society},
  number	= {2},
  pages		= {225-232},
  title		= {Significance Tests Which May be Applied to Samples from
		  any Populations. {II}. {T}he Correlation Coefficient Test},
  volume	= {4},
  year		= {1937}
}

@Article{	  pitman1938,
  author	= {Pitman, E. J. G.},
  journal	= {Biometrika},
  number	= {3/4},
  pages		= {322-335},
  title		= {Significance Tests which May be Applied to Samples from
		  any Populations: {III}. {T}he Analysis of Variance Test},
  volume	= {29},
  year		= {1938}
}

@Book{		  press1992,
  author	= {William H. Press and Saul A. Teukolsky and William T.
		  Vetterling and Brian P. Flannery},
  title		= {Numerical recipes in {C}},
  address	= {Cambridge, {UK}},
  publisher	= {Cambridge University Press},
  year		= 1992
}

@Article{	  price1997,
  author	= {Price, C J and Friston, K J},
  journal	= {NeuroImage},
  number	= {4 Pt 1},
  pages		= {261--70},
  title		= {Cognitive conjunction: a new approach to brain activation
		  experiments.},
  volume	= {5},
  year		= {1997}
}

@Article{	  rakic1988,
  author	= {P Rakic},
  title		= {Specification of cerebral cortical areas},
  journal	= {Science},
  year		= 1988,
  volume	= 241,
  number	= 4862,
  pages		= {170-6}
}

@Article{	  rakic2009,
  author	= {P Rakic and Albert E Ayoub and Joshua J Breunig and Martin
		  H Dominguez},
  title		= {Decision by division: making cortical maps},
  journal	= {Trends in Neurosciences},
  year		= 2009,
  volume	= 32,
  number	= 5,
  pages		= {291-301}
}

@Article{	  rakic2009a,
  author	= {Rakic, Pasko},
  journal	= {Nature Reviews Neuroscience},
  number	= 10,
  pages		= {724-35},
  title		= {Evolution of the neocortex: a perspective from
		  developmental biology.},
  volume	= 10,
  year		= 2009
}

@Article{	  rase2001,
  author	= {Rase, Wolf-Dieter},
  journal	= {Journal of Geographical Systems},
  number	= 2,
  pages		= {199-213},
  title		= {Volume-preserving interpolation of a smooth surface from
		  polygon-related data},
  volume	= 3,
  year		= 2001
}

@Article{	  reynolds1969,
  author	= {Reynolds, D V},
  journal	= {Science},
  number	= {878},
  pages		= {444--445},
  title		= {Surgery in the rat during electrical analgesia induced by
		  focal brain stimulation.},
  volume	= {164},
  year		= {1969}
}

@PhDThesis{	  ridgway2009,
  author	= {Ridgway, Gerard Robert},
  pages		= 387,
  school	= {University College London},
  title		= {Statistical analysis for longitudinal {MR} imaging of
		  dementia},
  year		= 2009
}

@Article{	  rimol2010a,
  author	= {L M Rimol and M S Panizzon and C Fennema-Notestine and L T
		  Eyler and B Fischl and C E Franz and D J Hagler and M J
		  Lyons and M C Neale and J Pacheco and M E Perry and J E
		  Schmitt and M D Grant and L J Seidman and H W Thermenos and
		  M T Tsuang and S A Eisen and W S Kremen and A M Dale},
  title		= {Cortical thickness is influenced by regionally specific
		  genetic factors},
  journal	= {Biological Psychiatry},
  year		= 2010,
  volume	= 67,
  number	= 5,
  pages		= {493-9}
}

@Article{	  rimol2010b,
  author	= {L M Rimol and I Agartz and S Djurovic and A A Brown and J
		  C Roddey and A K K\"{a}hler and M Mattingsdal and L
		  Athanasiu and A H Joyner and N J Schork and E Halgren and K
		  Sundet and I Melle and A M Dale and O A Andreassen and
		  {Alzheimer's Disease Neuroimaging Initiative}},
  title		= {Sex-dependent association of common variants of
		  microcephaly genes with brain structure},
  journal	= {Proceedings of the National Academy of Sciences of U. S.
		  A.},
  year		= 2010,
  volume	= 107,
  number	= 1,
  pages		= {384-8}
}

@article{Rimol2012,
author = {Rimol, Lars M and Nesv\aa g, Ragnar and Hagler, Don J and Bergmann, Orjan and Fennema-Notestine, Christine and Hartberg, Cecilie B and Haukvik, Unn K and Lange, Elisabeth and Pung, Chris J and Server, Andres and Melle, Ingrid and Andreassen, Ole A. and Agartz, Ingrid and Dale, Anders M},
journal = {Biological Psychiatry},
number = {6},
pages = {552--60},
title = {Cortical volume, surface area, and thickness in schizophrenia and bipolar disorder.},
volume = {71},
year = {2012}
}

@article{Robinson2014,
author = {Robinson, Emma C and Jbabdi, Saad and Glasser, Matthew F and Andersson, Jesper and Burgess, Gregory C and Harms, Michael P and Smith, Stephen M and {Van Essen}, David C and Jenkinson, Mark},
journal = {NeuroImage},
pages = {414--26},
title = {{MSM}: A new flexible framework for Multimodal Surface Matching.},
volume = {100},
year = {2014}
}
@Article{	  roland1998,
  author	= {P E Roland and K Zilles},
  title		= {Structural divisions and functional fields in the human
		  cerebral cortex},
  journal	= {Brain Research Reviews},
  year		= 1998,
  volume	= 26,
  number	= {2-3},
  pages		= {87-105}
}

@Article{	  rorden2007,
  author	= {Rorden, Chris and Bonilha, Leonardo and Nichols, Thomas
		  E},
  journal	= {NeuroImage},
  number	= 4,
  pages		= {1531-7},
  title		= {Rank-order versus mean based statistics for
		  neuroimaging.},
  volume	= 35,
  year		= 2007
}

@Article{	  rosenthal1978,
  author	= {Rosenthal, Robert},
  journal	= {Psychological Bulletin},
  number	= {1},
  pages		= {185--193},
  title		= {Combining results of independent studies},
  volume	= {85},
  year		= {1978}
}

@Article{	  roy1953,
  author	= {Roy, S. N.},
  journal	= {The Annals of Mathematical Statistics},
  month		= jun,
  number	= {2},
  pages		= {220--238},
  title		= {On a Heuristic Method of Test Construction and its use in
		  Multivariate Analysis},
  volume	= {24},
  year		= {1953}
}

@Article{	  roy2014,
  author	= {Roy, Mathieu and Shohamy, Daphna and Daw, Nathaniel and
		  Jepma, Marieke and Wimmer, G Elliott and Wager, Tor D},
  journal	= {Nature Neuroscience},
  number	= {11},
  pages		= {1607--1612},
  title		= {Representation of aversive prediction errors in the human
		  periaqueductal gray.},
  volume	= {17},
  year		= {2014}
}

@Article{	  royston1993,
  author	= {Royston, Patrick},
  journal	= {The Statistician},
  number	= 1,
  pages		= 37,
  title		= {A Toolkit for Testing for Non-Normality in Complete and
		  Censored Samples},
  volume	= 42,
  year		= 1993
}

@Article{	  rubinov2010,
  author	= {Rubinov, Mikail and Sporns, Olaf},
  journal	= {NeuroImage},
  number	= 3,
  pages		= {1059-69},
  title		= {Complex network measures of brain connectivity: Uses and
		  interpretations.},
  volume	= 52,
  year		= 2010
}

@Article{	  saad2004,
  author	= {Saad, Ziad S and Reynolds, Richard C and Argall, Brenna
		  and Japee, Shruti and Cox, Robert W},
  journal	= {IEEE International Symposium on Biomedical Imaging},
  pages		= {1510--1513},
  title		= {{SUMA:} {An} interface for surface-based intra- and
		  inter-subject analysis with {AFNI}},
  year		= 2004
}

@Article{	  sabuncu2010,
  author	= {Sabuncu, Mert R and Singer, Benjamin D and Conroy, Bryan
		  and Bryan, Ronald E and Ramadge, Peter J and Haxby, James
		  V},
  journal	= {Cerebral Cortex},
  number	= 1,
  pages		= {130-40},
  title		= {Function-based intersubject alignment of human cortical
		  anatomy},
  volume	= 20,
  year		= 2010
}

@Article{	  sakia1992,
  author	= {Sakia, R. M.},
  journal	= {The Statistician},
  number	= 2,
  pages		= 169,
  title		= {The Box-Cox Transformation Technique: A Review},
  volume	= 41,
  year		= 1992
}

@Article{	  salimi-khorshidi2011,
  author	= {Salimi-Khorshidi, Gholamreza and Smith, Stephen M and
		  Nichols, Thomas E},
  journal	= {NeuroImage},
  number	= 3,
  pages		= {2006-2019},
  title		= {Adjusting the effect of nonstationarity in cluster-based
		  and {TFCE} inference.},
  volume	= 54,
  year		= 2011
}

@Article{	  sanabriadiaz2010,
  author	= {G Sanabria-Diaz and L Melie-Garc\'{i}a and Y
		  Iturria-Medina and Y Alem\'{a}n-G\'{o}mez and G
		  Hern\'{a}ndez-Gonz\'{a}lez and L Vald\'{e}s-Urrutia and L
		  Gal\'{a}n and P Vald\'{e}s-Sosa},
  title		= {Surface area and cortical thickness descriptors reveal
		  different attributes of the structural human brain
		  networks},
  journal	= {NeuroImage},
  year		= 2010,
  volume	= 50,
  number	= 4,
  pages		= {1497-510}
}

@Article{	  scheffe1943,
  author	= {Scheff\'{e}, H},
  journal	= {The Annals of Mathematical Statistics},
  number	= 4,
  pages		= {305-332},
  title		= {Statistical inference in the non-parametric case},
  volume	= 14,
  year		= 1943
}

@Book{		  scheffe1959,
  author	= {Scheff\'{e}, H},
  title		= {The Analysis of Variance},
  address	= {New York},
  publisher	= {John Wiley and Sons},
  year		= 1959
}

@article{Schmitt2008,
author = {Schmitt, J E and Lenroot, R K and Wallace, G L and Ordaz, S and Taylor, K N and Kabani, Noor J and Greenstein, D and Lerch, J P and Kendler, K S and Neale, M C and Giedd, J N},
journal = {Cerebral Cortex},
number = {8},
pages = {1737--47},
title = {Identification of genetically mediated cortical networks: a multivariate study of pediatric twins and siblings.},
volume = {18},
year = {2008}
}

@Article{	  schormann1998,
  author	= {T Schormann and K Zilles},
  title		= {Three-dimensional linear and nonlinear transformations: an
		  integration of light microscopical and {MRI} data},
  journal	= {Human Brain Mapping},
  year		= {1998},
  volume	= {6},
  number	= {5-6},
  pages		= {339-47}
}

@Article{	  schwarzkopf2011,
  author	= {D S Schwarzkopf and C Song and G Rees},
  title		= {The surface area of human {V1} predicts the subjective
		  experience of object size},
  journal	= {Nature Neuroscience},
  year		= 2011,
  volume	= 14,
  number	= 1,
  pages		= {28-30}
}

@Article{	  scott2009,
  author	= {M L J Scott and P A Bromiley and N A Thacker and C E
		  Hutchinson and A Jackson},
  title		= {A fast, model-independent method for cerebral cortical
		  thickness estimation using {MRI}},
  journal	= {Medical Image Analysis},
  year		= 2009,
  volume	= 13,
  pages		= {269-85}
}

@Book{		  searle1971,
  author	= {S. R. Searle},
  title		= {Linear Models},
  address	= {New York},
  publisher	= {John Wiley and Sons},
  year		= 1971
}

@Article{	  segonne2004,
  author	= {S\'{e}gonne, F and Dale, A M and Busa, E and Glessner, M
		  and Salat, D and Hahn, H K and Fischl, B},
  journal	= {NeuroImage},
  number	= 3,
  pages		= {1060-75},
  title		= {A hybrid approach to the skull stripping problem in
		  {MRI}.},
  volume	= 22,
  year		= 2004
}

@Article{	  segonne2007,
  author	= {S\'{e}gonne, Florent and Pacheco, Jenni and Fischl, Bruce},
  journal	= {IEEE Transactions on Medical Imaging},
  number	= {4},
  pages		= {518-29},
  title		= {Geometrically accurate topology-correction of cortical
		  surfaces using nonseparating loops.},
  volume	= 26,
  year		= 2007
}

@Article{	  sejones2000,
  author	= {S E Jones and B R Buchbinder and I Aharon},
  title		= {Three-dimensional mapping of cortical thickness using
		  {L}aplace's equation},
  journal	= {Human Brain Mapping},
  year		= 2000,
  volume	= 11,
  number	= 1,
  pages		= {12-32}
}

@Article{	  sen1968,
  author	= {Sen, P K},
  journal	= {Journal of the American Statistical Association},
  number	= 324,
  pages		= {1379-1389},
  title		= {Estimates of the regression coefficient based on
		  {K}endall's tau},
  volume	= 63,
  year		= 1968
}

@Article{	  shaffer1986,
  author	= {Shaffer, Juliet Popper},
  journal	= {Journal of the American Statistical Association},
  number	= {395},
  pages		= {826--831},
  title		= {Modified Sequentially Rejective Multiple Test Procedures},
  volume	= {81},
  year		= {1986}
}

@InProceedings{	  shamos1976,
  author	= {Michael Ian Shamos and Dan Hoey},
  title		= {Geometric intersection problems},
  booktitle	= {17th Annual Symposium on Foundations of Computer Science
		  ({FOCS})},
  pages		= {208-15},
  year		= 1976
}

@Article{	  shapiro1965,
  author	= {Shapiro, S. S. and Wilk, M. B.},
  journal	= {Biometrika},
  number	= {3-4},
  pages		= {591-611},
  title		= {An analysis of variance test for normality (complete
		  samples)},
  volume	= 52,
  year		= 1965
}

@Article{	  shepard1968,
  author	= {Shepard, Donald},
  journal	= {Proceedings of the 23rd National Conference of the {ACM}},
  pages		= {517-524},
  title		= {A two-dimensional interpolation function for
		  irregularly-spaced data},
  year		= 1968
}

@InProceedings{	  sibson1981,
  author	= {R Sibson},
  title		= {A brief description of natural neighbour interpolation},
  booktitle	= {Interpreting multivariate data},
  pages		= {21-36},
  year		= {1981},
  editor	= {Vic Barnett},
  publisher	= {John Wiley \& Sons},
  address	= {New York}
}

@Article{	  sidak1967,
  author	= {\v{S}id\'{a}k, Zbyn\v{e}k},
  journal	= {Journal of the American Statistical Association},
  number	= {318},
  pages		= {626--633},
  title		= {Rectangular confidence regions for the means of
		  multivariate normal distributions},
  volume	= {62},
  year		= {1967}
}

@Article{	  smith2007,
  author	= {Smith, Stephen and Jenkinson, Mark and Beckmann, Christian
		  and Miller, Karla and Woolrich, Mark},
  journal	= {NeuroImage},
  number	= 1,
  pages		= {127-36},
  title		= {Meaningful design and contrast estimability in {FMRI}.},
  volume	= 34,
  year		= 2007
}

@Article{	  smith2009,
  author	= {Smith, Stephen M and Nichols, Thomas E},
  journal	= {NeuroImage},
  number	= 1,
  pages		= {83-98},
  title		= {Threshold-free cluster enhancement: {A}ddressing problems
		  of smoothing, threshold dependence and localisation in
		  cluster inference},
  volume	= 44,
  year		= 2009
}

@Manual{	  snyder1987,
  title		= {Map Projections: A Working Manual - U.S. Geological Survey
		  Professional Paper 1395},
  author	= {J P Snyder},
  organization	= {United States Government Printing Office},
  address	= {Washington, DC, USA},
  year		= 1987
}

@Article{	  stein2010,
  author	= {Stein, Jason L and Hua, Xue and Lee, Suh and Ho, April J
		  and Leow, Alex D and Toga, Arthur W and Saykin, Andrew J
		  and Shen, Li and Foroud, Tatiana and Pankratz, Nathan and
		  Huentelman, Matthew J and Craig, David W and Gerber, Jill D
		  and Allen, April N and Corneveaux, Jason J and Dechairo,
		  Bryan M and Potkin, Steven G and Weiner, Michael W and
		  Thompson, Paul M},
  journal	= {NeuroImage},
  number	= 3,
  pages		= {1160-1174},
  title		= {Voxelwise genome-wide association study ({vGWAS}).},
  volume	= 53,
  year		= 2010
}

@Article{	  still1981,
  author	= {Still, A. W. and White, A. P.},
  journal	= {British Journal of Mathematical and Statistical
		  Psychology},
  number	= 2,
  pages		= {243-252},
  title		= {The approximate randomization test as an alternative to
		  the {F} test in analysis of variance},
  volume	= 34,
  year		= 1981
}

@Book{		  stouffer1949,
  author	= {Samuel A. Stouffer and Edward A. Suchman and Leland C.
		  DeVinney and Shirley A. Star and Robin M. Williams Jr.},
  title		= {The American Soldier: Adjustment During Army Life (Volume
		  1)},
  address	= {Princeton, New Jersey, {USA}},
  publisher	= {Princeton University Press},
  year		= 1949
}

@Article{	  suckling2004,
  author	= {Suckling, John and Bullmore, Ed},
  journal	= {Human Brain Mapping},
  number	= 3,
  pages		= {193-205},
  title		= {Permutation tests for factorially designed neuroimaging
		  experiments.},
  volume	= 22,
  year		= 2004
}

@Article{	  sun2009,
  author	= {Sun, D and Stuart, G W and Jenkinson, M and Wood, S J and
		  McGorry, P D and Velakoulis, D and van Erp, T G M and
		  Thompson, P M and Toga, a W and Smith, D J and Cannon, T D
		  and Pantelis, C},
  journal	= {Molecular Psychiatry},
  number	= 10,
  pages		= {976-86},
  title		= {Brain surface contraction mapped in first-episode
		  schizophrenia: a longitudinal magnetic resonance imaging
		  study},
  volume	= 14,
  year		= 2009
}

@Article{	  sun2009a,
  author	= {Sun, Daqiang and Phillips, Lisa and Velakoulis, Dennis and
		  Yung, Alison and McGorry, Patrick D and Wood, Stephen J and
		  van Erp, Theo G M and Thompson, Paul M and Toga, Arthur W
		  and Cannon, Tyrone D and Pantelis, Christos},
  journal	= {Schizophrenia Research},
  number	= {1-3},
  pages		= {85-92},
  title		= {Progressive brain structural changes mapped as psychosis
		  develops in 'at risk' individuals},
  volume	= 108,
  year		= 2009
}

@Book{		  talairach1988,
  author	= {J Talairach and P Tournoux},
  title		= {Co-Planar Stereotaxic Atlas of the Human Brain: 3-D
		  Proportional System: An Approach to Cerebral Imaging},
  address	= {Stuttgart, Germany},
  publisher	= {Thieme},
  year		= 1988
}

@Article{	  taylor2006,
  author	= {Taylor, Jonathan and Tibshirani, Robert},
  journal	= {Biostatistics},
  number	= {2},
  pages		= {167--81},
  title		= {A tail strength measure for assessing the overall
		  univariate significance in a dataset.},
  volume	= {7},
  year		= {2006}
}

@InCollection{	  terbraak1992,
  address	= {Berlin},
  author	= {ter Braak, C J F},
  booktitle	= {Bootstrapping and related techniques},
  editor	= {J\"{o}ckel, K.-H. and Rothe, G. and Sendler, W.},
  number	= 1989,
  pages		= {79-86},
  publisher	= {Springer-Verlag},
  title		= {Permutation versus bootstrap significance tests in
		  multiple regression and {ANOVA}},
  year		= 1992
}

@Article{	  theil1950,
  author	= {Theil, H},
  journal	= {Proceedings of the Section of Sciences, Koninklijke
		  Akademie van Wetenschappen te Amsterdam},
  pages		= {386-392, 521-525, 1397-1412},
  title		= {A rank-invariant method for linear and polynomial
		  regression. {I}. {II}. {III}.},
  volume	= 53,
  year		= 1950
}

@Article{	  theil1965,
  author	= {Theil, H},
  journal	= {Journal of the American Statistical Association},
  number	= 312,
  pages		= {1067-1079},
  title		= {The analysis of disturbances in regression analysis},
  volume	= 60,
  year		= 1965
}

@Article{	  thirion1998,
  author	= {J P Thirion},
  title		= {Image matching as a diffusion process: an analogy with
		  {M}axwell's demons},
  journal	= {Medical Image Analysis},
  year		= 1998,
  volume	= 2,
  number	= 3,
  pages		= {243-60}
}

@Article{	  thomas2016,
  author	= {Adam G. Thomas and Andrea Dennis and Nancy B. Rawlings and
		  Charlotte J. Stagg and Lucy Matthews and Martyn Morris and
		  Shannon H. Kolind and Sean Foxley and Mark Jenkinson and
		  Thomas E. Nichols and Helen Dawes and Peter A Bandettini
		  and Heidi Johansen-Berg},
  journal	= {NeuroImage},
  title		= {Multi-modal characterization of rapid anterior hippocampal
		  volume increase associated with aerobic exercise},
  doi		= {10.1016/j.neuroimage.2015.10.090},
  year		= {in press}
}

@InProceedings{	  thompson1999,
  author	= {P M Thompson and A W Toga},
  title		= {Anatomically driven strategies for high-dimensional brain
		  image warping and pathology detection},
  booktitle	= {Brain Warping},
  pages		= {311-36},
  year		= {1999},
  editor	= {A W Toga},
  publisher	= {Academic Press}
}

@Article{	  thompson2002,
  author	= {P M Thompson and A W Toga},
  title		= {A framework for computational anatomy},
  journal	= {Computing and Visualization in Science},
  year		= 2002,
  volume	= 5,
  pages		= {13-34}
}

@Article{	  tibshirani1988,
  author	= {Tibshirani, Robert},
  journal	= {Journal of the American Statistical Association},
  number	= 402,
  pages		= 394,
  title		= {Estimating Transformations for Regression Via Additivity
		  and Variance Stabilization},
  volume	= 83,
  year		= 1988
}

@Book{		  timm2002,
  title		= {Applied multivariate analysis},
  author	= {Neil H Timm},
  publisher	= {Springer},
  year		= {2002},
  address	= {New York}
}

@Book{		  tippett1931,
  title		= {The methods of statistics},
  author	= {L H C Tippett},
  publisher	= {Williams and Northgate},
  year		= {1931},
  address	= {London}
}

@Article{	  tobler1979,
  author	= {W R Tobler},
  title		= {Smooth pycnophylactic interpolation for geographical
		  regions},
  journal	= {Journal of the American Statistical Association},
  year		= 1979,
  volume	= 74,
  number	= 367,
  pages		= {519-30}
}

@Article{	  tracey2002,
  author	= {Tracey, Irene and Ploghaus, Alexander and Gati, Joseph S
		  and Clare, Stuart and Smith, Steve and Menon, Ravi S and
		  Matthews, Paul M},
  journal	= {The Journal of Neuroscience},
  number	= {7},
  pages		= {2748--2752},
  title		= {Imaging attentional modulation of pain in the
		  periaqueductal gray in humans.},
  volume	= {22},
  year		= {2002}
}

@InProceedings{	  trotter1956,
  address	= {New York},
  author	= {Trotter, H. F. and Tukey, J. W.},
  booktitle	= {Symposium on {M}onte {C}arlo methods},
  editor	= {H. A. Meyer},
  pages		= {64-79},
  publisher	= {Wiley},
  title		= {Conditional {M}onte {C}arlo techniques in a complex
		  problem about normal samples},
  year		= 1956
}

@Article{	  tukey1949,
  author	= {Tukey, J W},
  journal	= {Biometrics},
  number	= {2},
  pages		= {99--114},
  title		= {Comparing individual means in the analysis of variance.},
  volume	= {5},
  year		= {1949}
}

@Article{	  ullrich2009,
  author	= {Paul A Ullrich and Peter H Lauritzen and Christiane
		  Jablonowski},
  title		= {Geometrically Exact Conservative Remapping ({GECoRe}):
		  Regular Latitude-Longitude and Cubed-Sphere Grids },
  journal	= {Monthly Weather Reviews},
  year		= 2009,
  volume	= 137,
  number	= 6,
  pages		= {1721-41}
}

@Article{	  uludag2014,
  author	= {Uluda\u{g}, K\^{a}mil and Roebroeck, Alard},
  journal	= {NeuroImage},
  pages		= {3--10},
  title		= {General overview on the merits of multimodal neuroimaging
		  data fusion},
  volume	= {102},
  year		= {2014}
}

@Article{	  vanessen1997,
  author	= {David C van Essen and Heather A Drury},
  title		= {Structural and functional analyses of human cerebral
		  cortex using a surface-based atlas},
  journal	= {Journal of Neuroscience},
  year		= 1997,
  volume	= 17,
  number	= 18,
  pages		= {7079-102}
}

@Article{	  vanessen2001,
  author	= {D C van Essen and H A Drury and J Dickson and J Harwell
		  and D Hanlon and C H Anderson},
  title		= {An integrated software suite for surface-based analyses of
		  cerebral cortex},
  journal	= {Journal of American Medical Informatics Association},
  year		= 2001,
  volume	= 8,
  number	= 5,
  pages		= {443-59}
}

@Article{	  vanessen2005,
  author	= {David C van Essen},
  title		= {A {P}opulation-{A}verage, {L}andmark- and {S}urface-based
		  ({PALS}) atlas of human cerebral cortex},
  journal	= {NeuroImage},
  year		= 2005,
  volume	= 28,
  number	= 3,
  pages		= {635-62}
}

@Article{	  vanzwet1967,
  author	= {van Zwet, WR and Oosterhoff, J},
  journal	= {The Annals of Mathematical Statistics},
  number	= {3},
  pages		= {659--680},
  title		= {On the combination of independent test statistics},
  volume	= {38},
  year		= {1967}
}

@Article{	  vercauteren2009,
  author	= {T Vercauteren and X Pennec and A Perchant and N Ayache},
  title		= {Diffeomorphic demons: efficient non-parametric image
		  registration},
  journal	= {NeuroImage},
  year		= 2009,
  volume	= 45,
  number	= {1 Suppl},
  pages		= {S61-72}
}

@Book{		  vince2005,
  author	= {J Vince},
  title		= {Mathematics for Computer Graphics},
  address	= {London, UK},
  publisher	= {Springer},
  year		= 2005
}

@Article{	  voets2008,
  author	= {Voets, Natalie L and Hough, Morgan G and Douaud, Gwenaelle
		  and Matthews, Paul M and James, Anthony and Winmill, Louise
		  and Webster, Paula and Smith, Stephen},
  journal	= {NeuroImage},
  number	= 4,
  pages		= {665-75},
  title		= {Evidence for abnormalities of cortical development in
		  adolescent-onset schizophrenia.},
  volume	= 43,
  year		= 2008
}

@Article{	  welch1938,
  author	= {Welch, B L},
  journal	= {Biometrika},
  number	= {3/4},
  pages		= {350-362},
  title		= {The Significance of the Difference Between Two Means when
		  the Population Variances are Unequal},
  volume	= {29},
  year		= {1938}
}

@Article{	  welch1947,
  author	= {Welch, B. L.},
  journal	= {Biometrika},
  number	= {1/2},
  pages		= {28-35},
  title		= {The Generalization of `Student's' Problem when Several
		  Different Population Variances are Involved},
  volume	= 34,
  year		= 1947
}

@Article{	  welch1951,
  author	= {Welch, B L},
  journal	= {Biometrika},
  number	= {3},
  pages		= {330-336},
  title		= {On the comparison of several mean values: an alternative
		  approach},
  volume	= {38},
  year		= 1951
}

@Article{	  welch1990,
  author	= {Welch, W. J.},
  journal	= {Journal of the American Statistical Association},
  number	= 411,
  pages		= {693-698},
  title		= {Construction of permutation tests},
  volume	= 85,
  year		= 1990
}

@Article{	  westberg1985,
  author	= {Westberg, Margareta},
  journal	= {The Statistician},
  number	= {3},
  pages		= {287--296},
  title		= {Combining independent statistical tests},
  volume	= {34},
  year		= {1985}
}

@Book{		  westfall1993,
  author	= {Peter H Westfall and S Stanley Young},
  title		= {Resampling-Based Multiple Testing: Examples And Methods
		  for {p}-Value Adjustment},
  address	= {New York},
  publisher	= {John Wiley and Sons},
  year		= 1993
}

@Article{	  westfall2008,
  author	= {Westfall, Peter H and Troendle, James F},
  journal	= {Biometrical Journal},
  number	= {5},
  pages		= {745--55},
  title		= {Multiple testing with minimal assumptions.},
  volume	= {50},
  year		= {2008}
}

@Article{	  whitlock2005,
  author	= {Whitlock, M C},
  journal	= {Journal of Evolutionary biology},
  number	= {5},
  pages		= {1368--73},
  title		= {Combining probability from independent tests: the weighted
		  Z-method is superior to {F}isher's approach.},
  volume	= {18},
  year		= {2005}
}

@Article{	  wilkinson1951,
  author	= {Wilkinson, B},
  journal	= {Psychological Bulletin},
  number	= {3},
  pages		= {156--8},
  title		= {A statistical consideration in psychological research.},
  volume	= {48},
  year		= {1951}
}

@Article{	  wilks1932,
  author	= {Wilks, S S},
  journal	= {Biometrika},
  number	= {3},
  pages		= {471--494},
  title		= {Certain Generalizations in the Analysis of Variance},
  volume	= {24},
  year		= {1932}
}

@Article{	  wilson1927,
  author	= {Wilson, E B},
  journal	= {Journal of the American Statistical Association},
  number	= 158,
  pages		= {209-212},
  title		= {Probable inference, the law of succession, and statistical
		  inference},
  volume	= 22,
  year		= 1927
}

@Book{		  winer1962,
  author	= {B J Winer},
  title		= {Statistical Principles in Experimental Design},
  address	= {New York},
  publisher	= {McGraw-Hill},
  year		= 1962
}

@Article{	  winkler2010,
  author	= {A M Winkler and P Kochunov and J Blangero and L Almasy and
		  K Zilles and P T Fox and R Duggirala and D C Glahn},
  title		= {Cortical thickness or grey matter volume? {The} importance
		  of selecting the phenotype for imaging genetics studies},
  journal	= {NeuroImage},
  year		= 2010,
  volume	= 15,
  number	= 3,
  pages		= {1135-46}
}

@Article{	  winkler2012,
  author	= {A M Winkler and M R Sabuncu and B T Thomas Yeo and B
		  Fischl and D N Greve and P Kochunov and T E Nichols and J
		  Blangero and D C Glahn},
  title		= {Measuring and Comparing Brain Cortical Surface Area and
		  Other Areal Quantities},
  journal	= {NeuroImage},
  year		= 2012,
  volume	= {61},
  number	= {4},
  pages		= {1428-43}
}

@Article{	  winkler2014,
  author	= {Winkler, Anderson M and Ridgway, Gerard R and Webster,
		  Matthew A and Smith, Stephen M and Nichols, Thomas E},
  journal	= {NeuroImage},
  pages		= {381--97},
  title		= {Permutation inference for the general linear model.},
  volume	= {92},
  year		= {2014}
}

@Article{	  winkler2015,
  author	= {Winkler, Anderson M and Webster, Matthew A and Vidaurre, D
		  and Nichols, Thomas E and Smith, Stephen M},
  journal	= {NeuroImage},
  pages		= {253--68},
  title		= {Multi-level block permutation.},
  volume	= {123},
  year		= {2015}
}

@article{   Winkler2016,
author = {Winkler, Anderson M and Webster, Matthew A and Brooks, Jonathan C and Tracey, Irene and Smith, Stephen M and Nichols, Thomas E},
journal = {Human Brain Mapping},
title = {Non-Parametric Combination and related permutation tests for neuroimaging.},
year = {2016 {\em in press}}}

@Article{	  wisco2007,
  author	= {Wisco, Jonathan J and Kuperberg, Gina and Manoach, Dara
		  and Quinn, Brian T and Busa, Evelina and Fischl, Bruce and
		  Heckers, Stephan and Sorensen, A Gregory},
  journal	= {Schizophrenia Research},
  number	= {1-3},
  pages		= {317--27},
  title		= {Abnormal cortical folding patterns within {Broca}'s area
		  in schizophrenia: evidence from structural {MRI}.},
  volume	= 94,
  year		= 2007
}

@Article{	  won2009,
  author	= {Won, Sungho and Morris, Nathan and Lu, Qing and Elston,
		  Robert C},
  journal	= {Statistics in Medicine},
  number	= {11},
  pages		= {1537--53},
  title		= {Choosing an optimal method to combine P-values.},
  volume	= {28},
  year		= {2009}
}

@Article{	  woo2014,
  author	= {Woo, Choong-Wan and Krishnan, Anjali and Wager, Tor D},
  journal	= {NeuroImage},
  pages		= {412--9},
  title		= {Cluster-extent based thresholding in f{MRI} analyses:
		  pitfalls and recommendations.},
  volume	= {91},
  year		= {2014}
}

@Article{	  worsley1992,
  author	= {Worsley, K J and Evans, A C and Marrett, S and Neelin, P},
  journal	= {Journal of Cerebral Blood Flow and Metabolism},
  number	= {6},
  pages		= {900--18},
  title		= {A three-dimensional statistical analysis for {CBF}
		  activation studies in human brain.},
  volume	= {12},
  year		= {1992}
}

@Article{	  worsley1999,
  author	= {Worsley, K J and Andermann, M and Koulis, T and MacDonald,
		  D and Evans, A C},
  journal	= {Human Brain Mapping},
  number	= {2-3},
  pages		= {98-101},
  title		= {Detecting changes in nonisotropic images.},
  volume	= 8,
  year		= 1999
}

@Article{	  worsley2000,
  author	= {Worsley, K. J. and Friston, K. J.},
  journal	= {Statistics \& Probability Letters},
  number	= {2},
  pages		= {135--140},
  title		= {A test for a conjunction},
  volume	= {47},
  year		= {2000}
}

@Article{	  wright1995,
  author	= {I C Wright and P K McGuire and J-B Poline and J M Travere
		  and R M Murray and C D Frith and R S J Frackowiak and K J
		  Friston},
  title		= {A voxel-based method for the statical analysis of gray and
		  white matter density applied to schizophrenia},
  journal	= {NeuroImage},
  year		= 1995,
  volume	= 2,
  pages		= {244-52}
}

@Article{	  wu2006,
  author	= {Wu, Samuel S.},
  journal	= {Communications in Statistics: Theory and Methods},
  number	= {8},
  pages		= {1483--1494},
  title		= {Combining Univariate Tests for Multivariate Location
		  Problem},
  volume	= {35},
  year		= {2006}
}

@Article{	  yekutieli1999,
  author	= {Yekutieli, Daniel and Benjamini, Yoav},
  journal	= {Journal of Statistical Planning and Inference},
  number	= {1-2},
  pages		= {171-196},
  title		= {Resampling-based false discovery rate controlling multiple
		  test procedures for correlated test statistics},
  volume	= 82,
  year		= 1999
}

@Article{	  yeo2010,
  author	= {B T Yeo and M R Sabuncu and T Vercauteren and N Ayache and
		  B Fischl and P Golland},
  title		= {Spherical demons: fast diffeomorphic landmark-free surface
		  registration},
  journal	= {{IEEE} Transactions on Medical Imaging},
  year		= 2010,
  volume	= 29,
  number	= 3,
  pages		= {650-68}
}

@Article{	  yeo2010b,
  author	= {Yeo, B T Thomas and Sabuncu, Mert R and Vercauteren, Tom
		  and Holt, Daphne J and Amunts, Katrin and Zilles, Karl and
		  Golland, Polina and Fischl, Bruce},
  journal	= {{IEEE} Transactions on Medical Imaging},
  number	= 7,
  pages		= {1424-41},
  title		= {Learning task-optimal registration cost functions for
		  localizing cytoarchitecture and function in the cerebral
		  cortex.},
  volume	= 29,
  year		= 2010
}

@Article{	  yiu2000,
  author	= {Paul Yiu},
  title		= {The uses of homogeneous barycentric coordinates in plane
		  {E}uclidean geometry},
  journal	= {International Journal of Mathematical Education in Science
		  and Technology},
  year		= 2000,
  volume	= 31,
  number	= 4,
  pages		= {569-578}
}

@Article{	  zaykin2002,
  author	= {Zaykin, D V and Zhivotovsky, Lev A and Westfall, P H and
		  Weir, B S},
  journal	= {Genetic Epidemiology},
  number	= {2},
  pages		= {170--85},
  title		= {Truncated product method for combining P-values.},
  volume	= {22},
  year		= {2002}
}

@Article{	  zaykin2011,
  author	= {Zaykin, D. V.},
  journal	= {Journal of Evolutionary Biology},
  number	= {8},
  pages		= {1836--1841},
  title		= {Optimally weighted Z-test is a powerful method for
		  combining probabilities in meta-analysis},
  volume	= {24},
  year		= {2011}
}

@Article{	  zhu2014,
  author	= {Zhu, Dajiang and Zhang, Tuo and Jiang, Xi and Hu, Xintao
		  and Chen, Hanbo and Yang, Ning and Lv, Jinglei and Han,
		  Junwei and Guo, Lei and Liu, Tianming},
  journal	= {NeuroImage},
  pages		= {184--191},
  title		= {Fusing {DTI} and {fMRI} data: A survey of methods and
		  applications},
  volume	= {102},
  year		= {2014}
}

@Article{	  zilles2010,
  author	= {K Zilles and K Amunts},
  title		= {Centenary of {B}rodmann's map-conception and fate},
  journal	= {Nature Reviews Neuroscience},
  year		= 2010,
  volume	= 11,
  number	= 2,
  pages		= {139-45}
}
