@ARTICLE{Acosta2009,
  author = {O Acosta and P Bourgeat and M A Zuluaga and J Fripp and O Salvado and S Ourselin and {Alzheimer's Disease Neuroimaging Initiative}},
  title = {Automated voxel-based {3D} cortical thickness measurement in a combined {L}agrangian-{E}ulerian {PDE} approach using partial volume maps},
  journal = {Medical Image Analysis},
  year = {2009},
  volume = {13},
  pages = {730-43},
  number = {5}
}

@ARTICLE{Aganj2009,
  author = {I Aganj and G Sapiro and N Parikshak and S K Madsen and P M Thompson},
  title = {Measurement of cortical thickness from {MRI} by minimum line integrals on soft-classified tissue},
  journal = {Human Brain Mapping},
  year = {2009},
  volume = {30},
  pages = {3188-99},
  number = {10}
}

@ARTICLE{Anderson2003,
  author = {Anderson, M and ter Braak, Cajo J F},
  title = {Permutation tests for multi-factorial analysis of variance},
  journal = {Journal of Statistical Computation and Simulation},
  year = {2003},
  volume = {73},
  pages = {85-113},
  number = {2}
}

@ARTICLE{Anderson1999,
  author = {Anderson, M. J. and Legendre, Pierre},
  title = {An empirical comparison of permutation methods for tests of partial regression coefficients in a linear model},
  journal = {Journal of Statistical Computation and Simulation},
  year = {1999},
  volume = {62},
  pages = {271-303},
  number = {3}
}

@ARTICLE{Anderson2001,
  author = {Anderson, Marti J. and Robinson, John},
  title = {Permutation Tests for Linear Models},
  journal = {Australian \& New Zealand Journal of Statistics},
  year = {2001},
  volume = {43},
  pages = {75-88},
  number = {1}
}

@ARTICLE{Arndt1996,
  author = {Arndt, S and Cizadlo, T and Andreasen, N C and Heckel, D and Gold, S and O'Leary, D S},
  title = {Tests for comparing images based on randomization and permutation methods.},
  journal = {Journal of Cerebral Blood Flow and Metabolism},
  year = {1996},
  volume = {16},
  pages = {1271-9},
  number = {6}
}

@ARTICLE{Ashburner2007,
  author = {J Ashburner},
  title = {A fast diffeomorphic image registration algorithm},
  journal = {Neuroimage},
  year = {2007},
  volume = {38},
  pages = {95-113},
  number = {1}
}

@ARTICLE{Ashburner2000,
  author = {J Ashburner and K J Friston},
  title = {Voxel-based morphometry - the methods},
  journal = {Neuroimage},
  year = {2000},
  volume = {11},
  pages = {805-21}
}

@ARTICLE{Aspin1949,
  author = {Aspin, A A and Welch, B L},
  title = {Tables for use in comparisons whose accuracy involves two variances, separately estimated},
  journal = {Biometrika},
  year = {1949},
  volume = {36},
  pages = {290-296},
  number = {3}
}

@ARTICLE{Augustinack2005,
  author = {J C Augustinack and A J van der Kouwe and M L Blackwell and D H Salat and C J Wiggins and M P Frosch and C C Wiggins and A Potthast and L L Wald and B R Fischl},
  title = {Detection of entorhinal layer {II} using 7 {T}esla magnetic resonance imaging},
  journal = {Annals of Neurology},
  year = {2005},
  volume = {57},
  pages = {489-94},
  number = {4}
}

@ARTICLE{Balaban1995,
  author = {Balaban, Ivan J.},
  title = {An optimal algorithm for finding segments intersections},
  journal = {Proceedings of the 11th Annual Symposium on Computational Geometry},
  year = {1995},
  pages = {211-219}
}

@ARTICLE{Barber1996,
  author = {C B Barber and D P Dobkin and H T Huhdanpaa},
  title = {The {Q}uickhull algorithm for convex hulls},
  journal = {{ACM} Transactions on Mathematical Software},
  year = {1996},
  volume = {22},
  pages = {469-83},
  number = {4}
}

@INPROCEEDINGS{Beaton1978,
  author = {Beaton, Albert E.},
  title = {Salvaging Experiments: Interpreting Least Squares in Non-Random Samples},
  booktitle = {Computer Science and Statistics: Tenth Annual Symposium of the Interface},
  year = {1978},
  editor = {Hogben, D. and Fife, D},
  pages = {137-45},
  address = {Gaithersburg, Maryland},
  publisher = {United States Department of Commerce}
}

@TECHREPORT{Beckmann2001,
  author = {Beckmann, Christian F and Jenkinson, Mark and Smith, Stephen M},
  title = {General Multi-Level Linear Modelling for Group Analysis in {FMRI}},
  institution = {University of Oxford},
  year = {2001},
  address = {Oxford},
  pages = {1-19}
}

@ARTICLE{Beckmann2009a,
  author = {Beckmann, Matthias and Johansen-Berg, Heidi and Rushworth, Matthew F S},
  title = {Connectivity-based parcellation of human cingulate cortex and its relation to functional specialization.},
  journal = {Journal of Neuroscience},
  year = {2009},
  volume = {29},
  pages = {1175-90},
  number = {4}
}

@ARTICLE{Belmonte2001,
  author = {Belmonte, M and Yurgelun-Todd, D},
  title = {Permutation testing made practical for functional magnetic resonance image analysis.},
  journal = {IEEE Transactions on Medical Imaging},
  year = {2001},
  volume = {20},
  pages = {243-8},
  number = {3}
}

@ARTICLE{Benjamini2008,
  author = {Benjamini, Yoav and Heller, Ruth},
  title = {Screening for partial conjunction hypotheses.},
  journal = {Biometrics},
  year = {2008},
  volume = {64},
  pages = {1215-22},
  number = {4}
}

@ARTICLE{Benjamini1995,
  author = {Benjamini, Y. and Hochberg, Y.},
  title = {Controlling the false discovery rate: a practical and powerful approach to multiple testing},
  journal = {Journal of the Royal Statistical Society. Series B},
  year = {1995},
  volume = {57},
  pages = {289-300},
  number = {1}
}

@ARTICLE{Benjamini1995a,
  author = {Benjamini, Y. and Hochberg, Y.},
  title = {Controlling the false discovery rate: a practical and powerful approach to multiple testing},
  journal = {Journal of the Royal Statistical Society. Series B},
  year = {1995},
  volume = {57},
  pages = {289-300},
  number = {1}
}

@ARTICLE{Bentley1979,
  author = {J L Bentley and T A Ottmann},
  title = {Algorithms for Reporting and Counting Geometric Intersections},
  journal = {{IEEE} Transactions on Computers},
  year = {1979},
  volume = {C-28},
  pages = {643-7},
  number = {9}
}

@ARTICLE{Berger1982,
  author = {Berger, Roger L},
  title = {Multiparameter hypothesis testing and acceptance sampling},
  journal = {Technometrics},
  year = {1982},
  volume = {24},
  pages = {295-300},
  number = {4}
}

@ARTICLE{Berk1979,
  author = {Berk, Robert H and Cohen, Arthur},
  title = {Asymptotically optimal methods of combining tests},
  journal = {Journal of the American Statistical Association},
  year = {1979},
  volume = {74},
  pages = {812-814},
  number = {368}
}

@ARTICLE{Bilguvar2010,
  author = {K Bilg\"{u}var and A K Ozt\"{u}rk and A Louvi and K Y Kwan and M Choi and B Tatli and D Yalnizo\v{g}lu and B T\"{u}ys\"{u}z and A O Ca\v{g}layan and S G\"{o}kben and H Kaymak\'{c}alan and T Barak and M Bakircio\v{g}lu and K Yasuno and W Ho and S Sanders and Y Zhu and S Yilmaz and A Din\c{c}er and M H Johnson and R A Bronen and N Ko\c{c}er and H Per and S Mane and M N Pamir and C Yal\c{c}inkaya and S Kumanda\,{s} and M Top\c{c}u and M Ozmen and N Sestan and R P Lifton and M W State and M G\"{u}nel},
  title = {Whole-exome sequencing identifies recessive {WDR62} mutations in severe brain malformations},
  journal = {Nature},
  year = {2010},
  volume = {467},
  pages = {207-10},
  number = {7312}
}

@ARTICLE{Birnbaum1954,
  author = {Birnbaum, A},
  title = {Combining independent tests of significance},
  journal = {Journal of the American Statistical Association},
  year = {1954},
  volume = {49},
  pages = {559-574},
  number = {267}
}

@ARTICLE{Blair1994,
  author = {Blair, R Clifford and Higgins, James J and Karniski, Walt and Kromrey, Jeffrey D},
  title = {A Study of Multivariate Permutation Tests Which May Replace Hotelling's T$^2$ Test in Prescribed Circumstances},
  journal = {Multivariate Behavioral Research},
  year = {1994},
  volume = {29},
  pages = {141-163},
  number = {2}
}

@ARTICLE{Box1964,
  author = {Box, G.E.P. and Cox, D.R.},
  title = {An analysis of transformations},
  journal = {Journal of the Royal Statistical Society. Series B},
  year = {1964},
  volume = {26},
  pages = {211-252},
  number = {2}
}

@ARTICLE{Box1955,
  author = {Box, G E P and Andersen, S L},
  title = {Permutation theory in the derivation of robust criteria and the study of departures from assumption},
  journal = {Journal of the Royal Statistical Society. Series B},
  year = {1955},
  volume = {17},
  pages = {1-34},
  number = {1}
}

@ARTICLE{Brammer1997,
  author = {Brammer, M J and Bullmore, E T and Simmons, A and Williams, S C and Grasby, P M and Howard, R J and Woodruff, P W and Rabe-Hesketh, S},
  title = {Generic brain activation mapping in functional magnetic resonance imaging: a nonparametric approach.},
  journal = {Magnetic Resonance Imaging},
  year = {1997},
  volume = {15},
  pages = {763-70},
  number = {7}
}

@ARTICLE{Breakspear2004,
  author = {Breakspear, Michael and Brammer, Michael J and Bullmore, Ed T and Das, Pritha and Williams, Leanne M},
  title = {Spatiotemporal wavelet resampling for functional neuroimaging data.},
  journal = {Human Brain Mapping},
  year = {2004},
  volume = {23},
  pages = {1-25},
  number = {1}
}

@ARTICLE{Bridge2006,
  author = {H Bridge and S Clare},
  title = {High-resolution {MRI}: in vivo histology?},
  journal = {Philosophical Transactions of the Royal Society B: Biological Sciences},
  year = {2006},
  volume = {361},
  pages = {137-46},
  number = {1465}
}

@BOOK{Brodmann1909,
  title = {Vergleichende Lokalisationslehre der Gro\ss{}hirnrinde in ihren Prinzipien dargestellt auf Grund des Zellenbaues},
  publisher = {Barth},
  year = {1909},
  author = {K Brodmann},
  address = {Leipzig},
  note = {Translated to English and edited by Laurence J.\ Garey, published by Springer, 2006}
}

@ARTICLE{Brown1982,
  author = {Brown, B M and Maritz, J S},
  title = {Distribution-Free Methods in Regression},
  journal = {Australian Journal of Statistics},
  year = {1982},
  volume = {24},
  pages = {318-331},
  number = {3}
}

@ARTICLE{Brunner2000,
  author = {Brunner, Edgar and Munzel, Ullrich},
  title = {The Nonparametric {Behrens}--{Fisher} Problem: Asymptotic Theory and a Small-Sample Approximation},
  journal = {Biometrical Journal},
  year = {2000},
  volume = {42},
  pages = {17-25},
  number = {1}
}

@ARTICLE{Bullmore1996,
  author = {Bullmore, E and Brammer, M and Williams, S C and Rabe-Hesketh, S and Janot, N and David, A and Mellers, J and Howard, R and Sham, P},
  title = {Statistical methods of estimation and inference for functional {MR} image analysis.},
  journal = {Magnetic Resonance in Medicine},
  year = {1996},
  volume = {35},
  pages = {261-77},
  number = {2}
}

@ARTICLE{Bullmore2001,
  author = {Bullmore, E and Long, C and Suckling, J and Fadili, J and Calvert, G and Zelaya, F and Carpenter, T a and Brammer, M},
  title = {Colored noise and computational inference in neurophysiological ({FMRI}) time series analysis: resampling methods in time and wavelet domains.},
  journal = {Human brain mapping},
  year = {2001},
  volume = {12},
  pages = {61-78},
  number = {2}
}

@ARTICLE{Bullmore1999,
  author = {E T Bullmore and J Suckling and S Overmeyer and S Rabe-Hesketh and E Taylor and M J Brammer},
  title = {Global, voxel, and cluster tests, by theory and permutation for a difference between two groups of structural {MR} images of the brain},
  journal = {{IEEE} Transactions on Medical Imaging},
  year = {1999},
  volume = {18},
  pages = {32-42},
  issue = {1}
}

@ARTICLE{Bullmore1999a,
  author = {Bullmore, E T and Suckling, J and Overmeyer, S and Rabe-Hesketh, S and Taylor, E and Brammer, M J},
  title = {Global, voxel, and cluster tests, by theory and permutation, for a difference between two groups of structural {MR} images of the brain.},
  journal = {IEEE Transactions on Medical Imaging},
  year = {1999},
  volume = {18},
  pages = {32-42},
  number = {1}
}

@ARTICLE{Button2013,
  author = {Button, Katherine S and Ioannidis, John P A and Mokrysz, Claire and Nosek, Brian A and Flint, Jonathan and Robinson, Emma S J and Munaf\`{o}, Marcus R},
  title = {Power failure: why small sample size undermines the reliability of neuroscience.},
  journal = {Nature reviews. Neuroscience},
  year = {2013},
  volume = {14},
  pages = {365-76},
  number = {5}
}

@ARTICLE{Butts2009,
  author = {Butts, Carter T},
  title = {Revisiting the foundations of network analysis.},
  journal = {Science},
  year = {2009},
  volume = {325},
  pages = {414-6},
  number = {5939}
}

@ARTICLE{Buxhoeveden2002,
  author = {D P Buxhoeveden and M F Casanova},
  title = {The minicolumn hypothesis in neuroscience},
  journal = {Brain},
  year = {2002},
  volume = {125},
  pages = {935-51},
  number = {5}
}

@ARTICLE{Cade1996,
  author = {Cade, B S and Richards, Jon D.},
  title = {Permutation tests for least absolute deviation regression},
  journal = {Biometrics},
  year = {1996},
  volume = {52},
  pages = {886-902},
  number = {3}
}

@ARTICLE{Calian2008,
  author = {Calian, Violeta and Li, Dongmei and Hsu, Jason C},
  title = {Partitioning to uncover conditions for permutation tests to control multiple testing error rates.},
  journal = {Biometrical Journal},
  year = {2008},
  volume = {50},
  pages = {756-66},
  number = {5}
}

@ARTICLE{Caplan2004,
  author = {Caplan, David and Moo, Lauren},
  title = {Cognitive conjunction and cognitive functions.},
  journal = {NeuroImage},
  year = {2004},
  volume = {21},
  pages = {751-6},
  number = {2}
}

@ARTICLE{Chazelle1992,
  author = {Chazelle, B. and Edelsbrunner, H.},
  title = {An optimal algorithm for intersecting line segments in the plane},
  journal = {Journal of the ACM},
  year = {1992},
  volume = {39},
  pages = {1-54},
  number = {1}
}

@ARTICLE{Chazelle1994,
  author = {Bernard Chazelle and Herbert Edelsbrunner and Leonidas J Guibas and Micha Sharir},
  title = {Algorithms for bichromatic line-segment problems and polyhedral terrains},
  journal = {Algorithmica},
  year = {1994},
  volume = {11},
  pages = {116-32},
  number = {2}
}

@ARTICLE{Chen2011_neuron,
  author = {Chen, Chi-Hua and Panizzon, Matthew S. and Eyler, Lisa T. and Jernigan, Terry L. and Thompson, Wes and Fennema-Notestine, Christine and Jak, Amy J. and Neale, Michael C. and Franz, Carol E. and Hamza, Samar and Lyons, Michael J. and Grant, Michael D. and Fischl, Bruce and Seidman, Larry J. and Tsuang, Ming T. and Kremen, William S. and Dale, Anders M.},
  title = {Genetic Influences on Cortical Regionalization in the Human Brain},
  journal = {Neuron},
  year = {2011},
  volume = {72},
  pages = {537-544},
  number = {4}
}

@ARTICLE{Chen2011,
  author = {Chen, Z},
  title = {Is the weighted z-test the best method for combining probabilities from independent tests?},
  journal = {Journal of Evolutionary Biology},
  year = {2011},
  volume = {24},
  pages = {926-30},
  number = {4}
}

@article{Chen2012,
author = {Chen, Chi-Hua and Gutierrez, E. D. and Thompson, Wes and Panizzon, Matthew S. and Jernigan, Terry L. and Eyler, Lisa T. and Fennema-Notestine, Christine and Jak, Amy J. and Neale, Michael C. and Franz, Carol E. and Lyons, Michael J. and Grant, Michael D. and Fischl, Bruce and Seidman, Larry J. and Tsuang, Ming T. and Kremen, William S. and Dale, Anders M.},
journal = {Science},
number = {6076},
pages = {1634--6},
title = {Hierarchical genetic organization of human cortical surface area.},
volume = {335},
year = {2012}
}


@ARTICLE{Chenn2002,
  author = {A Chenn and C A Walsh},
  title = {Regulation of cerebral cortical size by control of cell cycle exit in neural precursors},
  journal = {Science},
  year = {2002},
  volume = {297},
  pages = {365-9},
  number = {5580}
}

@ARTICLE{Christensen1996,
  author = {G E Christensen and R D Rabbitt and M I Miller},
  title = {Deformable templates using large deformation kinematics},
  journal = {IEEE Transactions on Image Processing},
  year = {1996},
  volume = {5},
  pages = {1435-47},
  number = {10}
}

@BOOK{Christensen2002,
  title = {Plane answers to complex questions: the theory of linear models},
  publisher = {Springer},
  year = {2002},
  author = {R Christensen},
  address = {New York}
}

@BOOK{Christensen2002a,
  title = {Plane answers to complex questions: the theory of linear models},
  publisher = {Springer},
  year = {2002},
  author = {R Christensen},
  address = {New York}
}

@ARTICLE{Chung1958,
  author = {Chung, J H and Fraser, D A S},
  title = {Randomization tests for a multivariate two-sample problem},
  journal = {Journal of the American Statistical Association},
  year = {1958},
  volume = {53},
  pages = {729-735},
  number = {283}
}

@ARTICLE{Clark2011,
  author = {Clark, Christopher M and Schneider, Julie A and Bedell, Barry J and Beach, Thomas G and Bilker, Warren B and Mintun, Mark A and Pontecorvo, Michael J and Hefti, Franz and Carpenter, Alan P and Flitter, Matthew L and Krautkramer, Michael J and Kung, Hank F and Coleman, R Edward and Doraiswamy, P Murali and Fleisher, Adam S and Sabbagh, Marwan N and Sadowsky, Carl H and Reiman, Eric P and Reiman, P Eric M and Zehntner, Simone P and Skovronsky, Daniel M},
  title = {Use of florbetapir-{PET} for imaging beta-amyloid pathology.},
  journal = {Journal of the American Medical Association},
  year = {2011},
  volume = {305},
  pages = {275-83},
  number = {3}
}

@ARTICLE{Clowry2010,
  author = {G Clowry and Z Moln\'{a}r and P Rakic},
  title = {Renewed focus on the developing human neocortex},
  journal = {Journal of Anatomy},
  year = {2010},
  volume = {217},
  pages = {276-88},
  number = {4}
}

@ARTICLE{Commenges2003,
  author = {Commenges, Daniel},
  title = {Transformations which preserve exchangeability and application to permutation tests},
  journal = {Journal of Nonparametric Statistics},
  year = {2003},
  volume = {15},
  pages = {171-185},
  number = {2}
}

@ARTICLE{Cousins2007,
  author = {Cousins, Robert D},
  title = {Annotated Bibliography of Some Papers on Combining Significances or p-values},
  year = {2007},
  pages = {1-15},
  number = {1},
  month = may,
  archiveprefix = {ArXiv},
  arxivid = {0705.2209},
  eprint = {0705.2209}
}

@ARTICLE{Dacosta2011,
  author = {{Da Costa}, S. and van der Zwaag, W. and Marques, J. P. and Frackowiak, R. S. J. and Clarke, S. and Saenz, M.},
  title = {Human Primary Auditory Cortex Follows the Shape of Heschl's Gyrus},
  journal = {Journal of Neuroscience},
  year = {2011},
  volume = {31},
  pages = {14067-14075},
  number = {40}
}

@ARTICLE{Dale1999,
  author = {A M Dale and B Fischl and M I Sereno},
  title = {Cortical surface-based analysis {I}: Segmentation and surface reconstruction},
  journal = {Neuroimage},
  year = {1999},
  volume = {9},
  pages = {179-94},
  number = {2}
}

@ARTICLE{Dale1993,
  author = {A M Dale and M I Sereno},
  title = {Improved localization of cortical activity by combining {EEG} and {MEG} with {MRI} cortical surface reconstruction},
  journal = {Journal of Cognitive Neuroscience},
  year = {1993},
  volume = {5},
  pages = {162-176},
  number = {2}
}

@ARTICLE{Darlington2000,
  author = {Darlington, R B and Hayes, A F},
  title = {Combining independent p values: extensions of the Stouffer and binomial methods},
  journal = {Psychological Methods},
  year = {2000},
  volume = {5},
  pages = {496-515},
  number = {4}
}

@ARTICLE{David1934,
  author = {David, F. N.},
  title = {On the ${P}_{\lambda_n}$ Test for Randomness: Remarks, Further Illustration, and Table of ${P}_{\lambda_n}$ for Given Values of $-\log_{10}\lambda_n$},
  journal = {Biometrika},
  year = {1934},
  volume = {26},
  pages = {1-11},
  number = {1-2}
}

@ARTICLE{Deboor1962,
  author = {C {De Boor}},
  title = {Bicubic spline interpolation},
  journal = {Journal of Mathematics and Physics},
  year = {1962},
  volume = {41},
  pages = {212-218},
  number = {3}
}

@ARTICLE{Dekker2007,
  author = {Dekker, David and Krackhardt, David and Snijders, Tom A B},
  title = {Sensitivity of {MRQAP} Tests to Collinearity and Autocorrelation Conditions.},
  journal = {Psychometrika},
  year = {2007},
  volume = {72},
  pages = {563-581},
  number = {4}
}

@ARTICLE{Desikan2006,
  author = {R S Desikan and F S\'{e}gonne and B Fischl and B T Quinn and B C Dickerson and D Blacker and R L Buckner and A M Dale and R P Maguire and B T Hyman and M S Albert and R J Killiany},
  title = {An automated labeling system for subdividing the human cerebral cortex on MRI scans into gyral based regions of interest},
  journal = {Neuroimage},
  year = {2006},
  volume = {31},
  pages = {968-80},
  issue = {3}
}

@ARTICLE{Dickerson2009,
  author = {B C Dickerson and E Feczko and J C Augustinack and J Pacheco and J C Morris and B Fischl and R L Buckner},
  title = {Differential effects of aging and {A}lzheimer's disease on medial temporal lobe cortical thickness and surface area},
  journal = {Neurobiology of Aging},
  year = {2009},
  volume = {30},
  pages = {432-40},
  number = {3}
}

@ARTICLE{Draper1993,
  author = {Draper, D. and Hodges, J. S. and Mallows, C. L. and Pregibon, Daryl},
  title = {Exchangeability and data analysis},
  journal = {Journal of the Royal Statistical Society. Series A},
  year = {1993},
  volume = {156},
  pages = {9-37},
  number = {1}
}

@ARTICLE{Draper1966,
  author = {Draper, N R and Stoneman, David M},
  title = {Testing for the inclusion of variables in linear regression by a randomisation technique},
  journal = {Technometrics},
  year = {1966},
  volume = {8},
  pages = {695-699},
  number = {4}
}

@ARTICLE{Drury1996,
  author = {Drury, H A and {Van Essen}, D C and Anderson, C H and Lee, C W and Coogan, T A and Lewis, J W},
  title = {Computerized mappings of the cerebral cortex: a multiresolution flattening method and a surface-based coordinate system.},
  journal = {Journal of Cognitive Neuroscience},
  year = {1996},
  volume = {8},
  pages = {1-28},
  number = {1}
}

@ARTICLE{Dudbridge2003,
  author = {Dudbridge, Frank and Koeleman, Bobby P C},
  title = {Rank truncated product of {P}-values, with application to genomewide association scans.},
  journal = {Genetic Epidemiology},
  year = {2003},
  volume = {25},
  pages = {360-6},
  number = {4}
}

@ARTICLE{Durazzo2011,
  author = {T C Durazzo and D Tosun and S Buckley and S Gazdzinski and A Mon and S L Fryer and D J Meyerhoff},
  title = {Cortical thickness, surface area, and volume of the brain reward system in alcohol dependence: relationships to relapse and extended abstinence},
  journal = {Alcoholism: Clinical \& Experimental Research},
  year = {2011},
  volume = {35},
  pages = {1-14},
  number = {6}
}

@ARTICLE{Duyn2007,
  author = {J H Duyn and P van Gelderen and T Q Li and J A de Zwart and A P Koretsky and M Fukunaga},
  title = {High-field {MRI} of brain cortical substructure based on signal phase},
  journal = {Proceedings of the National Academy of Sciences of U. S. A.},
  year = {2007},
  volume = {104},
  pages = {11796-801},
  number = {28}
}

@ARTICLE{Dwass1957,
  author = {Dwass, M.},
  title = {Modified Randomization Tests for Nonparametric Hypotheses},
  journal = {The Annals of Mathematical Statistics},
  year = {1957},
  volume = {28},
  pages = {181-187},
  number = {1}
}

@BOOK{Edgington1995,
  title = {Randomization Tests},
  publisher = {Marcel Dekker},
  year = {1995},
  author = {E S Edgington},
  address = {New York}
}

@ARTICLE{Edgington1972,
  author = {Eugene S. Edgington},
  title = {An Additive Method for Combining Probability Values from Independent Experiments},
  journal = {The Journal of Psychology},
  year = {1972},
  volume = {80},
  pages = {351-363},
  number = {2}
}

@ARTICLE{Edgington1969,
  author = {Edgington, Eugene S.},
  title = {Approximate Randomization Tests},
  journal = {The Journal of Psychology},
  year = {1969},
  volume = {72},
  pages = {143-149},
  number = {2}
}

@ARTICLE{Edgington1964,
  author = {Edgington, Eugene S.},
  title = {Randomization Tests},
  journal = {The Journal of Psychology},
  year = {1964},
  volume = {57},
  pages = {445-449},
  number = {2}
}

@ARTICLE{Efron1979,
  author = {Efron, B},
  title = {Computers and the theory of statistics: thinking the unthinkable},
  journal = {{SIAM} Review},
  year = {1979},
  volume = {21},
  pages = {460-480},
  number = {4}
}

@ARTICLE{Ernst2004,
  author = {Ernst, Michael D.},
  title = {Permutation Methods: A Basis for Exact Inference},
  journal = {Statistical Science},
  year = {2004},
  volume = {19},
  pages = {676-685},
  number = {4}
}

@ARTICLE{Vanessen2005,
  author = {David C van Essen},
  title = {A {P}opulation-{A}verage, {L}andmark- and {S}urface-based ({PALS}) atlas of human cerebral cortex},
  journal = {Neuroimage},
  year = {2005},
  volume = {28},
  pages = {635-62},
  number = {3}
}

@ARTICLE{Vanessen1997,
  author = {David C van Essen and Heather A Drury},
  title = {Structural and functional analyses of human cerebral cortex using a surface-based atlas},
  journal = {Journal of Neuroscience},
  year = {1997},
  volume = {17},
  pages = {7079-102},
  number = {18}
}

@ARTICLE{Vanessen2001,
  author = {D C van Essen and H A Drury and J Dickson and J Harwell and D Hanlon and C H Anderson},
  title = {An integrated software suite for surface-based analyses of cerebral cortex},
  journal = {Journal of American Medical Informatics Association},
  year = {2001},
  volume = {8},
  pages = {443-59},
  number = {5}
}

@ARTICLE{Eyler2011,
  author = {L T Eyler and E Prom-Wormley and M S Panizzon and A R Kaup and C Fennema-Notestine and M C Neale and T L Jernigan and B Fischl and C E Franz and M J Lyons and M Grant and A Stevens and J Pacheco and M E Perry and J E Schmitt and L J Seidman and H W Thermenos and M T Tsuang and C H Chen and W K Thompson and A Jak and A M Dale and W S Kremen},
  title = {Genetic and environmental contributions to regional cortical surface area in humans: a magnetic resonance imaging twin study},
  journal = {Cerebral Cortex},
  year = {2011},
  volume = {21},
  pages = {2313-21},
  number = {10}
}

@ARTICLE{Fehr2008,
  author = {Fehr, Thorsten and Code, Chris and Herrmann, Manfred},
  title = {Auditory task presentation reveals predominantly right hemispheric {FMRI} activation patterns during mental calculation.},
  journal = {Neuroscience Letters},
  year = {2008},
  volume = {431},
  pages = {39-44},
  number = {1}
}

@ARTICLE{Fischl2000,
  author = {B Fischl and A M Dale},
  title = {Measuring the thickness of the human cerebral cortex from magnetic resonance images},
  journal = {Proceedings of the National Academy of Sciences of U. S. A.},
  year = {2000},
  volume = {97},
  pages = {11050-5},
  number = {20}
}

@ARTICLE{Fischl2001,
  author = {B Fischl and A Liu and A M Dale},
  title = {Automated manifold surgery: constructing geometrically accurate and topologically correct models of the human cerebral cortex},
  journal = {IEEE Transactions on Medical Imaging},
  year = {2001},
  volume = {20},
  pages = {70-80},
  number = {1}
}

@ARTICLE{Fischl2008,
  author = {B Fischl and N Rajendran and E Busa and J Augustinack and O Hinds and B T Yeo and H Mohlberg and K Amunts and K Zilles},
  title = {Cortical folding patterns and predicting cytoarchitecture},
  journal = {Cerebral Cortex},
  year = {2008},
  volume = {18},
  pages = {1973-80},
  number = {8}
}

@ARTICLE{Fischl1999_cortical,
  author = {B Fischl and M I Sereno and A M Dale},
  title = {Cortical surface-based analysis {II}: Inflation, flattening, and a surface-based coordinate system},
  journal = {Neuroimage},
  year = {1999},
  volume = {9},
  pages = {195-207},
  number = {2}
}

@ARTICLE{Fischl1999_intersubject,
  author = {B Fischl and M I Sereno and R B Tootell and A M Dale},
  title = {High-resolution intersubject averaging and a coordinate system for the cortical surface},
  journal = {Human Brain Mapping},
  year = {1999},
  volume = {8},
  pages = {272-84},
  number = {4}
}

@ARTICLE{Fischl2009,
  author = {B Fischl and A A Stevens and N Rajendran and B T Yeo and D N Greve and K Van Leemput and J R Polimeni and S Kakunoori and R L Buckner and J Pacheco and D H Salat and J Melcher and M P Frosch and B T Hyman and P E Grant and B R Rosen and A J van der Kouwe and G C Wiggins and L L Wald and J C Augustinack},
  title = {Predicting the location of entorhinal cortex from {MRI}},
  journal = {Neuroimage},
  year = {2009},
  volume = {47},
  pages = {8-17},
  number = {1}
}

@ARTICLE{Fish2008,
  author = {J L Fish and C Dehay and H Kennedy and W B Huttner},
  title = {Making bigger brains - the evolution of neural-progenitor-cell division},
  journal = {Journal of Cell Science},
  year = {2008},
  volume = {121},
  pages = {2783-93}
}

@BOOK{Fisher1935,
  title = {The Design of Experiments},
  publisher = {Oliver and Boyd},
  year = {1935},
  author = {R A Fisher},
  address = {Edinburgh}
}

@ARTICLE{Fisher1935_fid,
  author = {Fisher, R. A.},
  title = {The fiducial argument in statistical inference},
  journal = {Annals of Eugenics},
  year = {1935},
  volume = {6},
  pages = {391-398},
  number = {4}
}

@BOOK{Fisher1932,
  title = {Statistical Methods for Research Workers},
  publisher = {Oliver and Boyd},
  year = {1932},
  author = {R A Fisher},
  address = {Edinburgh},
  edition = {4}
}

@ARTICLE{Flowerdew1991,
  author = {R Flowerdew and M Green and E Kehris},
  title = {Using areal interpolation methods in geographic information systems},
  journal = {Papers in Regional Science},
  year = {1991},
  volume = {70},
  pages = {303-15},
  number = {3}
}

@ARTICLE{Forman1995,
  author = {Forman, S D and Cohen, J D and Fitzgerald, M and Eddy, W F and Mintun, M A and Noll, D C},
  title = {Improved assessment of significant activation in functional magnetic resonance imaging ({FMRI}): use of a cluster-size threshold.},
  journal = {Magnetic Resonance in Medicine},
  year = {1995},
  volume = {33},
  pages = {636-47},
  number = {5}
}

@ARTICLE{Freedman1983,
  author = {Freedman, David and Lane, David},
  title = {A Nonstochastic Interpretation of Reported Significance Levels},
  journal = {Journal of Business \& Economic Statistics},
  year = {1983},
  volume = {1},
  pages = {292-8},
  number = {4}
}

@ARTICLE{Freedman1983a,
  author = {Freedman, David and Lane, David},
  title = {A Nonstochastic Interpretation of Reported Significance Levels},
  journal = {Journal of Business \& Economic Statistics},
  year = {1983},
  volume = {1},
  pages = {292-8},
  number = {4}
}

@ARTICLE{Friston1999,
  author = {Friston, K J and Holmes, A P and Price, C J and B\"{u}chel, C and Worsley, K J},
  title = {Multisubject {FMRI} studies and conjunction analyses.},
  journal = {NeuroImage},
  year = {1999},
  volume = {10},
  pages = {385-96},
  number = {4}
}

@ARTICLE{Friston2005,
  author = {Friston, Karl J and Penny, William D and Glaser, Daniel E},
  title = {Conjunction revisited.},
  journal = {NeuroImage},
  year = {2005},
  volume = {25},
  pages = {661-7},
  number = {3}
}

@ARTICLE{Friston1993,
  author = {Friston, K. J. and Worsley, K. J. and Frackowiak, R. S. J. and Mazziotta, J. C. and Evans, A. C.},
  title = {Assessing the significance of focal activations using their spatial extent},
  journal = {Human Brain Mapping},
  year = {1993},
  volume = {1},
  pages = {210-220},
  number = {3}
}

@ARTICLE{Gaddum1945,
  author = {J H Gaddum},
  title = {Lognormal distributions},
  journal = {Nature},
  year = {1945},
  volume = {156},
  pages = {463-6},
  number = {3964}
}

@ARTICLE{Gail1988,
  author = {Gail, M H and Tan, W Y and Piantadosi, S},
  title = {Tests for no treatment effect in randomized clinical trials},
  journal = {Biometrika},
  year = {1988},
  volume = {75},
  pages = {57-64},
  number = {1}
}

@ARTICLE{Genovese2002,
  author = {Genovese, Christopher R and Lazar, Nicole A and Nichols, Thomas},
  title = {Thresholding of statistical maps in functional neuroimaging using the false discovery rate.},
  journal = {Neuroimage},
  year = {2002},
  volume = {15},
  pages = {870-8},
  number = {4}
}

@ARTICLE{Genovese2002a,
  author = {Genovese, Christopher R and Lazar, Nicole A and Nichols, Thomas},
  title = {Thresholding of statistical maps in functional neuroimaging using the false discovery rate.},
  journal = {NeuroImage},
  year = {2002},
  volume = {15},
  pages = {870-8},
  number = {4}
}

@ARTICLE{Geyer2011,
  author = {S Geyer and M Weiss and K Reimann and G Lohmann and R Turner},
  title = {Microstructural Parcellation of the Human Cerebral Cortex - From Brodmann's Post-Mortem Map to in vivo Mapping with High-Field Magnetic Resonance Imaging},
  journal = {Frontiers Human Neuroscience},
  year = {2011},
  volume = {5},
  pages = {19}
}

@ARTICLE{Glaunes2004,
  author = {Joan Glaun\`{e}s and Marc Vaillant and Michael I Miller},
  title = {Landmark Matching via Large Deformation Diffeomorphisms on the Sphere},
  journal = {Journal of Mathematical Imaging and Vision},
  year = {2004},
  volume = {1-2},
  pages = {179-200}
}

@ARTICLE{Gonzalez1998,
  author = {Gonzalez, Liliana and Manly, Bryan F. J.},
  title = {Analysis of variance by randomization with small data sets},
  journal = {Environmetrics},
  year = {1998},
  volume = {9},
  pages = {53-65},
  number = {1}
}

@ARTICLE{Good2001,
  author = {C D Good and I S Johnsrude and J Ashburner and R N Henson and K J Friston and R S Frackowiak},
  title = {A voxel-based morphometric study of ageing in 465 normal adult human brains},
  journal = {Neuroimage},
  year = {2001},
  volume = {14},
  pages = {21-36},
  number = {1 Pt 1}
}

@ARTICLE{Good1955,
  author = {Good, I J},
  title = {On the weighted combination of significance tests},
  journal = {Journal of the Royal Statistical Society. Series B},
  year = {1955},
  volume = {17},
  pages = {264-265},
  number = {2}
}

@BOOK{Good2005,
  title = {Permutation, Parametric, and Bootstrap Tests of Hypotheses},
  publisher = {Springer},
  year = {2005},
  author = {Good, Phillip},
  address = {New York}
}

@ARTICLE{Good2002,
  author = {Good, Phillip},
  title = {Extensions Of The Concept Of Exchangeability And Their Applications},
  journal = {Journal of Modern Applied Statistical Methods},
  year = {2002},
  volume = {1},
  pages = {243-247},
  number = {2}
}

@ARTICLE{Goodchild1980,
  author = {M F Goodchild and N S-N Lam},
  title = {Areal interpolation: a variant of the traditional spatial problem},
  journal = {Geo-Processing},
  year = {1980},
  volume = {1},
  pages = {297-312}
}

@BOOK{Goodman2004,
  title = {Handbook of Discrete and Computational Geometry},
  publisher = {Chapman and Hall/CRC},
  year = {2004},
  author = {Jacob E Goodman and Joseph O'Rourke},
  address = {Cambridge, MA, USA}
}

@ARTICLE{Gotway2002,
  author = {C A Gotway and L J Young},
  title = {Combining incompatible spatial data},
  journal = {Journal of the American Statistical Association},
  year = {2002},
  volume = {97},
  pages = {632-48},
  number = {458}
}

@ARTICLE{Gouraud1971,
  author = {Gouraud, H.},
  title = {Continuous shading of curved surfaces},
  journal = {{IEEE} Transactions on Computers},
  year = {1971},
  volume = {C-20},
  pages = {623-629},
  number = {6}
}

@ARTICLE{Gregory2010,
  author = {Ian N Gregory and Jordi Marti-Henneberg and Francisco J Tapiador},
  title = {Modelling long-term pan-European population change from 1870 to 2000 by using geographical information systems},
  journal = {Journal of the Royal Statistical Society. Series A},
  year = {2010},
  volume = {173},
  pages = {31-50},
  number = {1}
}

@ARTICLE{Guibas1987,
  author = {Leonidas J. Guibas and Raimund Seidel},
  title = {Computing convolutions by reciprocal search},
  journal = {Discrete \& Computational Geometry},
  year = {1987},
  volume = {2},
  pages = {175-93},
  number = {1}
}

@BOOK{Guttman1982,
  title = {Linear Models: An Introduction},
  publisher = {Wiley},
  year = {1982},
  author = {Irwin Guttman},
  address = {New York}
}

@ARTICLE{Hagler2006,
  author = {Hagler, Donald J and Saygin, Ayse Pinar and Sereno, Martin I},
  title = {Smoothing and cluster thresholding for cortical surface-based group analysis of {FMRI} data.},
  journal = {Neuroimage},
  year = {2006},
  volume = {33},
  pages = {1093-103},
  number = {4}
}

@ARTICLE{Hagmann2008,
  author = {Hagmann, Patric and Cammoun, Leila and Gigandet, Xavier and Meuli, Reto and Honey, Christopher J and Wedeen, Van J and Sporns, Olaf},
  title = {Mapping the structural core of human cerebral cortex.},
  journal = {{PLoS} Biology},
  year = {2008},
  volume = {6},
  pages = {E159},
  number = {7}
}

@ARTICLE{Hall1989,
  author = {Hall, P and Titterington, D. M.},
  title = {The effect of simulation order on level accuracy and power of {M}onte {C}arlo tests},
  journal = {Journal of the Royal Statistical Society. Series B},
  year = {1989},
  volume = {51},
  pages = {459-467},
  number = {3}
}

@ARTICLE{Hall1991,
  author = {Hall, Peter and Wilson, S R},
  title = {Two guidelines for bootstrap hypothesis testing},
  journal = {Biometrics},
  year = {1991},
  volume = {47},
  pages = {757-762},
  number = {2}
}

@ARTICLE{Hayasaka2006,
  author = {Hayasaka, Satoru and Du, An-Tao and Duarte, Audrey and Kornak, John and Jahng, Geon-Ho and Weiner, Michael W and Schuff, Norbert},
  title = {A non-parametric approach for co-analysis of multi-modal brain imaging data: application to {A}lzheimer's disease.},
  journal = {NeuroImage},
  year = {2006},
  volume = {30},
  pages = {768-79},
  number = {3}
}

@ARTICLE{Hayasaka2003,
  author = {Hayasaka, S and Nichols, T E},
  title = {Validating cluster size inference: random field and permutation methods},
  journal = {NeuroImage},
  year = {2003},
  volume = {20},
  pages = {2343-2356},
  number = {4}
}

@ARTICLE{Hayasaka2004,
  author = {Hayasaka, Satoru and Phan, K Luan and Liberzon, Israel and Worsley, Keith J and Nichols, Thomas E},
  title = {Nonstationary cluster-size inference with random field and permutation methods.},
  journal = {Neuroimage},
  year = {2004},
  volume = {22},
  pages = {676-87},
  number = {2}
}

@ARTICLE{Hill2010,
  author = {J Hill and T Inder and J Neil and D Dierker and J Harwell and D van Essen},
  title = {Similar patterns of cortical expansion during human development and evolution},
  journal = {Proceedings of the National Academy of Sciences of U. S. A.},
  year = {2010},
  volume = {107},
  pages = {13135-40},
  number = {29}
}

@ARTICLE{Hinds2009,
  author = {O Hinds and J R Polimeni and N Rajendran and M Balasubramanian and K Amunts and K Zilles and E L Schwartz and B Fischl and C Triantafyllou},
  title = {Locating the functional and anatomical boundaries of human primary visual cortex},
  journal = {Neuroimage},
  year = {2009},
  volume = {46},
  pages = {915-22},
  number = {4}
}

@ARTICLE{Hinds2008,
  author = {O P Hinds and N Rajendran and J R Polimeni and J C Augustinack and G Wiggins and L L Wald and H Diana Rosas and A Potthast and E L Schwartz and B Fischl},
  title = {Accurate prediction of {V1} location from cortical folds in a surface coordinate system},
  journal = {Neuroimage},
  year = {2008},
  volume = {39},
  pages = {1585-99},
  number = {4}
}

@ARTICLE{Holmes1996,
  author = {Holmes, A P and Blair, R C and Watson, J D and Ford, I},
  title = {Nonparametric analysis of statistic images from functional mapping experiments.},
  journal = {Journal of Cerebral Blood Flow and Metabolism},
  year = {1996},
  volume = {16},
  pages = {7-22},
  number = {1}
}

@ARTICLE{Holmes1996a,
  author = {Holmes, A P and Blair, R C and Watson, J D and Ford, I},
  title = {Nonparametric analysis of statistic images from functional mapping experiments},
  journal = {Journal of Cerebral Blood Flow and Metabolism},
  year = {1996},
  volume = {16},
  pages = {7-22},
  number = {1}
}

@ARTICLE{Horn1975,
  author = {Horn, S D and Horn, R A and Duncan, D B},
  title = {Estimating heteroscedastic variances in linear models},
  journal = {Journal of the American Statistical Association},
  year = {1975},
  volume = {70},
  pages = {380-385},
  number = {350}
}

@ARTICLE{Hubel1969,
  author = {D H Hubel and T N Wiesel},
  title = {Anatomical demonstration of columns in the monkey striate cortex},
  journal = {Nature},
  year = {1969},
  volume = {221},
  pages = {747-50},
  number = {5182}
}

@ARTICLE{Huh2001,
  author = {Huh, M. H. and Jhun, Myoungshic},
  title = {Random permutation testing in multiple linear regression},
  journal = {Communications in Statistics: Theory and Methods},
  year = {2001},
  volume = {30},
  pages = {2023-2032},
  number = {10}
}

@ARTICLE{Hutton2008,
  author = {C Hutton and E De Vita and J Ashburner and R Deichmann and R Turner},
  title = {Voxel-based cortical thickness measurements in {MRI}},
  journal = {Neuroimage},
  year = {2008},
  volume = {40},
  pages = {1701-10}
}

@ARTICLE{James1951,
  author = {James, GS},
  title = {The comparison of several groups of observations when the ratios of the population variances are unknown},
  journal = {Biometrika},
  year = {1951},
  volume = {38},
  pages = {324-329},
  number = {3}
}

@ARTICLE{Jiang2011,
  author = {Jiang, Bo and Zhang, Xiao and Zuo, Yijun and Kang, Guolian},
  title = {A powerful truncated tail strength method for testing multiple null hypotheses in one dataset.},
  journal = {Journal of Theoretical Biology},
  year = {2011},
  volume = {277},
  pages = {67-73},
  number = {1}
}

@ARTICLE{Egjones2000,
  author = {E G Jones},
  title = {Microcolumns in the cerebral cortex},
  journal = {Proceedings of the National Academy of Sciences of U. S. A.},
  year = {2000},
  volume = {97},
  pages = {5019-21},
  number = {10}
}

@ARTICLE{Jones1999,
  author = {Philip W Jones},
  title = {First- and Second-Order Conservative Remapping Schemes for Grids in Spherical Coordinates},
  journal = {Monthly Weather Review},
  year = {1999},
  volume = {127},
  pages = {2204-10},
  number = {9}
}

@ARTICLE{Sejones2000,
  author = {S E Jones and B R Buchbinder and I Aharon},
  title = {Three-dimensional mapping of cortical thickness using {L}aplace's equation},
  journal = {Human Brain Mapping},
  year = {2000},
  volume = {11},
  pages = {12-32},
  number = {1}
}

@ARTICLE{Joyner2009,
  author = {Alexander H Joyner and J Cooper Roddey and Cinnamon S Bloss and Trygve E Bakken and Lars M Rimol and Ingrid Melle and Ingrid Agartz and Srdjan Djurovic and Eric J Topol and Nicholas J Schork and Ole A Andreassen and Anders M Dale},
  title = {A common {MECP2} haplotype associates with reduced cortical surface area in humans in two independent populations},
  journal = {Proceedings of the National Academy of Sciences of U. S. A.},
  year = {2009},
  volume = {106},
  pages = {15483-8},
  number = {36}
}

@ARTICLE{Jung2006,
  author = {Jung, B. C. and Jhun, Myoungshic and Song, S. H.},
  title = {A new random permutation test in {ANOVA} models},
  journal = {Statistical Papers},
  year = {2006},
  volume = {48},
  pages = {47-62},
  number = {1}
}

@ARTICLE{Kahler2011,
  author = {A K K\"{a}hler and S Djurovic and L M Rimol and A A Brown and L Athanasiu and E G J\"{o}nsson and T Hansen and O G\'{u}stafsson and H Hall and I Giegling and P Muglia and S Cichon and M Rietschel and O P Pietil\"{a}inen and L Peltonen and E Bramon and D Collier and D St Clair and E Sigurdsson and H Petursson and D Rujescu and I Melle and T Werge and V M Steen and A M Dale and R T Matthews and I Agartz and O A Andreassen},
  title = {Candidate gene analysis of the human natural killer-1 carbohydrate pathway and perineuronal nets in schizophrenia: {B3GAT2} is associated with disease risk and cortical surface area},
  journal = {Biological Psychiatry},
  year = {2011},
  volume = {69},
  pages = {90-6},
  number = {1}
}

@BOOK{Kapteyn1916,
  title = {Skew frequency curves in biology and statistics},
  publisher = {Hoitsema Brothers},
  year = {1916},
  author = {J C Kapteyn and M J van Uven},
  address = {Groningen, The Netherlands}
}

@ARTICLE{Kempthorne1955,
  author = {Kempthorne, O},
  title = {The randomization theory of experimental inference},
  journal = {Journal of the American Statistical Association},
  year = {1955},
  volume = {50},
  pages = {946-967},
  number = {271}
}

@BOOK{Kempthorne1952,
  title = {The Design and Analysis of Experiments},
  publisher = {John Wiley and Sons},
  year = {1952},
  author = {Kempthorne, O},
  address = {New York}
}

@ARTICLE{Kennedy1995,
  author = {Kennedy, P. E.},
  title = {Randomization Tests in Econometrics},
  journal = {Journal of Business \& Economic Statistics},
  year = {1995},
  volume = {13},
  pages = {85-94},
  number = {1}
}

@ARTICLE{Kennedy1996,
  author = {Kennedy, Peter E and Cade, Brian S.},
  title = {Randomization tests for multiple regression},
  journal = {Communications in Statistics-Simulation},
  year = {1996},
  volume = {25},
  pages = {923-936},
  issue = {4}
}

@BOOK{Kenner1976,
  title = {Geodesic math and how to use it},
  publisher = {University of California Press},
  year = {1976},
  author = {Hugh Kenner},
  address = {Los Angeles, CA, USA}
}

@ARTICLE{Kherad2010,
  author = {Kherad-Pajouh, Sara and Renaud, Olivier},
  title = {An exact permutation method for testing any effect in balanced and unbalanced fixed effect {ANOVA}},
  journal = {Computational Statistics \& Data Analysis},
  year = {2010},
  volume = {54},
  pages = {1881-1893},
  number = {7}
}

@ARTICLE{Kim2009,
  author = {E Y Kim and D H Kim and J H Chang and E Yoo and J W Lee and H J Park},
  title = {Triple-layer appearance of {B}rodmann area 4 at thin-section double inversion-recovery {MR} imaging},
  journal = {Radiology},
  year = {2009},
  volume = {250},
  pages = {515-22},
  number = {2}
}

@ARTICLE{Kim2005,
  author = {J S Kim and V Singh and J K Lee and J Lerch and Y Ad-Dab'bagh and D MacDonald and J M Lee and S I Kim and A C Evans},
  title = {Automated {3-D} extraction and evaluation of the inner and outer cortical surfaces using a {L}aplacian map and partial volume effect classification},
  journal = {Neuroimage},
  year = {2005},
  volume = {27},
  pages = {210-21},
  number = {1}
}

@ARTICLE{Klein2010,
  author = {Klein, Arno and Ghosh, Satrajit S and Avants, Brian and Yeo, B T T and Fischl, Bruce and Ardekani, Babak and Gee, James C and Mann, J J and Parsey, Ramin V},
  title = {Evaluation of volume-based and surface-based brain image registration methods},
  journal = {NeuroImage},
  year = {2010},
  volume = {51},
  pages = {214-20},
  number = {1}
}

@ARTICLE{Klunk2004,
  author = {Klunk, William E and Engler, Henry and Nordberg, Agneta and Wang, Yanming and Blomqvist, Gunnar and Holt, Daniel P and Bergstr\"{o}m, Mats and Savitcheva, Irina and Huang, Guo-Feng and Estrada, Sergio and Aus\'{e}n, Birgitta and Debnath, Manik L and Barletta, Julien and Price, Julie C and Sandell, Johan and Lopresti, Brian J and Wall, Anders and Koivisto, Pernilla and Antoni, Gunnar and Mathis, Chester A and L\aa{}ngstr\"{o}m, Bengt},
  title = {{Imaging brain amyloid in Alzheimer's disease with Pittsburgh Compound-B.}},
  journal = {Annals of Neurology},
  year = {2004},
  volume = {55},
  pages = {306-19},
  number = {3}
}

@BOOK{Knuth2005,
  title = {The Art of Computer Programming. Volume 4, Fascicle 2},
  publisher = {Addison-Wesley},
  year = {2005},
  author = {Donald E Knuth}
}

@ARTICLE{Koch1966,
  author = {Koch, A L},
  title = {The logarithm in biology. 1. Mechanisms generating the log-normal distribution exactly.},
  journal = {Journal of Theoretical Biology},
  year = {1966},
  volume = {12},
  pages = {276-90},
  number = {2}
}

@ARTICLE{Kochunov2006,
  author = {P Kochunov and J L Lancaster and D C Glahn and D Purdy and A R Laird and F Gao and P T Fox},
  title = {Retrospective motion correction protocol for high-resolution anatomical {MRI}},
  journal = {Human Brain Mappping},
  year = {2006},
  volume = {27},
  pages = {957-62},
  number = {12}
}

@ARTICLE{Laird2004,
  author = {Laird, Angela R and Rogers, Baxter P and Meyerand, M Elizabeth},
  title = {Comparison of {F}ourier and wavelet resampling methods.},
  journal = {Magnetic Resonance in Medicine},
  year = {2004},
  volume = {51},
  pages = {418-22},
  number = {2}
}

@ARTICLE{Lancaster1961,
  author = {Lancaster, H. O.},
  title = {The combination of probabilities: an application of orthonormal functions},
  journal = {Australian Journal of Statistics},
  year = {1961},
  volume = {3},
  pages = {20-33},
  number = {1}
}

@TECHREPORT{Lauchner1969,
  author = {Lauchner, Julian H. and {Buckminster Fuller}, R. and Clinton, Joseph D. and Mabee, Mark B. and Moeller, Richard M. and Flood, Richard},
  title = {Structural design concepts for future space missions. {NASA} Contract {NGR}-14-008-002.},
  institution = {Southern Illinois University},
  year = {1969}
}

@ARTICLE{Lauritzen2008,
  author = {Peter H Lauritzen And Ramachandran D Nair},
  title = {Monotone and Conservative Cascade Remapping between Spherical Grids ({CaRS}): Regular Latitude-Longitude and Cubed-Sphere Grids},
  journal = {Monthly Weather Review},
  year = {2008},
  volume = {136},
  pages = {1416-32},
  number = {4}
}

@ARTICLE{Lazar2002,
  author = {Lazar, Nicole A and Luna, Beatriz and Sweeney, John A and Eddy, William F},
  title = {Combining brains: a survey of methods for statistical pooling of information.},
  journal = {NeuroImage},
  year = {2002},
  volume = {16},
  pages = {538-50},
  number = {2},
}

@ARTICLE{Lehmann1949,
  author = {Lehmann, EL and Stein, C},
  title = {On the theory of some non-parametric hypotheses},
  journal = {The Annals of Mathematical Statistics},
  year = {1949},
  volume = {20},
  pages = {28-45},
  number = {1}
}

@ARTICLE{Levin1983,
  author = {Levin, Bruce and Robbins, Herbert},
  title = {Urn models for regression analysis, with applications to employment discrimination studies},
  journal = {Law and Contemporary Problems},
  year = {1983},
  volume = {46},
  pages = {247-267},
  number = {4}
}

@ARTICLE{Limpert2001,
  author = {Limpert, Eckhard and Stahel, Werner a. and Abbt, Markus},
  title = {Log-normal Distributions across the Sciences: Keys and Clues},
  journal = {BioScience},
  year = {2001},
  volume = {51},
  pages = {341-352},
  number = {5}
}

@ARTICLE{Liptak1958,
  author = {T Lipt\'{A}k},
  title = {On the combination of independent tests.},
  journal = {A Magyar Tudom\'{a}nyos Akad\'{e}mia Matematikai Kutat\'{o} Int\'{E}zet\'{E}nek K\"{o}zl\'{e}menyei},
  year = {1958},
  volume = {3},
  pages = {171-197}
}

@ARTICLE{Locascio1997,
  author = {Locascio, J J and Jennings, P J and Moore, C I and Corkin, S},
  title = {Time series analysis in the time domain and resampling methods for studies of functional magnetic resonance brain imaging.},
  journal = {Human Brain Mapping},
  year = {1997},
  volume = {5},
  pages = {168-93},
  number = {3}
}

@ARTICLE{Lombardi2002,
  author = {Lombardi, Marco},
  title = {Interpolation and smoothing},
  journal = {Astronomy \& Astrophysics},
  year = {2002},
  volume = {395},
  pages = {733-45},
  number = {2}
}

@ARTICLE{Loughin2004,
  author = {Loughin, T},
  title = {A systematic comparison of methods for combining p-values from independent tests},
  journal = {Computational Statistics \& Data Analysis},
  year = {2004},
  volume = {47},
  pages = {467-485},
  number = {3}
}

@ARTICLE{Ludbrook1998,
  author = {Ludbrook, John and Dudley, Hugh},
  title = {Why permutation tests are superior to t and {F} tests in biomedical research},
  journal = {The American Statistician},
  year = {1998},
  volume = {52},
  pages = {127-132},
  number = {2}
}

@ARTICLE{Lyttelton2009,
  author = {Lyttelton, Oliver C and Karama, Sherif and Ad-Dab'bagh, Yasser and Zatorre, Robert J and Carbonell, Felix and Worsley, Keith and Evans, Alan C},
  title = {Positional and surface area asymmetry of the human cerebral cortex},
  journal = {NeuroImage},
  year = {2009},
  volume = {46},
  pages = {895-903},
  number = {4}
}

@ARTICLE{Macdonald2000,
  author = {D MacDonald and N Kabani and D Avis and A C Evans},
  title = {Automated {3-D} extraction of inner and outer surfaces of cerebral cortex from {MRI}},
  journal = {Neuroimage},
  year = {2000},
  volume = {12},
  pages = {340-56},
  number = {3}
}

@ARTICLE{Mangin1995,
  author = {J-F Mangin and V Frouin and I Bloch and J Regis and J Lopes-Krabe},
  title = {From {3D} {MR} images to structural representations of the cortex topography using topology preserving deformations},
  journal = {Journal of Mathematical Imaging and Vision},
  year = {1995},
  volume = {5},
  pages = {297-318}
}

@BOOK{Manly1997,
  title = {Randomization, Bootstrap and Monte Carlo Methods in Biology},
  publisher = {Chapman \& Hall},
  year = {1997},
  author = {B F J Manly},
  address = {London}
}

@ARTICLE{Markoff1973,
  author = {John Markoff and Gilbert Shapiro},
  title = {The linkage of data describing overlapping geographical units},
  journal = {Historical Methods Newsletter},
  year = {1973},
  volume = {7},
  pages = {34-46},
  number = {1}
}

@ARTICLE{Marroquin2011,
  author = {Marroquin, Jose L and Biscay, Rolando J and Ruiz-Correa, Salvador and Alba, Alfonso and Ramirez, Roxana and Armony, Jorge L},
  title = {Morphology-based hypothesis testing in discrete random fields: a non-parametric method to address the multiple-comparison problem in neuroimaging.},
  journal = {NeuroImage},
  year = {2011},
  volume = {56},
  pages = {1954-67},
  number = {4}
}

@ARTICLE{Miller1997,
  author = {M Miller and A Banerjeea and G Christensen and S Joshi and N Khaneja and U Grenander and L Matejic},
  title = {Statistical methods in computational anatomy},
  journal = {Statistical methods in Medical Research},
  year = {1997},
  volume = {6},
  pages = {267-99},
  number = {3}
}

@ARTICLE{Moore1920,
  author = {Moore, E. H.},
  title = {On the reciprocal of the general algebraic matrix},
  journal = {Bulletin of the American Mathematical Society},
  year = {1920},
  volume = {26},
  pages = {394-395},
  number = {9}
}

@ARTICLE{Mountcastle1957,
  author = {V B Mountcastle and P W Davies and A L Berman},
  title = {Response properties of neurons of cat's somatic sensory cortex to peripheral stimuli},
  journal = {Journal of Neurophysiology},
  year = {1957},
  volume = {20},
  pages = {374-407},
  number = {4}
}

@BOOK{Mountcastle1998,
  title = {Perceptual Neuroscience: The Cerebral Cortex},
  publisher = {Harvard University Press},
  year = {1998},
  author = {V P Mountcastle},
  address = {Cambridge, MA, USA}
}

@INCOLLECTION{Mudholkar1979,
  author = {Mudholkar, Govind S and George, E Olusegun},
  title = {The logit statistic for combining probabilities},
  booktitle = {Symposium on Optimizing Methods in Statistics},
  publisher = {Academic Press},
  year = {1979},
  editor = {Rustagi, J.},
  pages = {345-366},
  address = {New York}
}

@ARTICLE{Nelson2010,
  author = {Nelson, Steven M and Cohen, Alexander L and Power, Jonathan D and Wig, Gagan S and Miezin, Francis M and Wheeler, Mark E and Velanova, Katerina and Donaldson, David I and Phillips, Jeffrey S and Schlaggar, Bradley L and Petersen, Steven E},
  title = {A Parcellation Scheme for Human Left Lateral Parietal Cortex.},
  journal = {Neuron},
  year = {2010},
  volume = {67},
  pages = {156-70},
  number = {1}
}

@ARTICLE{Nichols2005,
  author = {Nichols, Thomas and Brett, Matthew and Andersson, Jesper and Wager, Tor and Poline, Jean-Baptiste},
  title = {Valid conjunction inference with the minimum statistic.},
  journal = {NeuroImage},
  year = {2005},
  volume = {25},
  pages = {653-60},
  number = {3}
}

@ARTICLE{Nichols2003,
  author = {Nichols, Thomas and Hayasaka, Satoru},
  title = {Controlling the familywise error rate in functional neuroimaging: a comparative review.},
  journal = {Statistical Methods in Medical Research},
  year = {2003},
  volume = {12},
  pages = {419-46},
  number = {5}
}

@ARTICLE{Nichols2002,
  author = {Nichols, Thomas E and Holmes, Andrew P},
  title = {Nonparametric permutation tests for functional neuroimaging: a primer with examples.},
  journal = {Human Brain Mapping},
  year = {2002},
  volume = {15},
  pages = {1-25},
  number = {1}
}

@ARTICLE{Nichols2002a,
  author = {Nichols, Thomas E and Holmes, Andrew P},
  title = {Nonparametric permutation tests for functional neuroimaging: a primer with examples},
  journal = {Human Brain Mapping},
  year = {2002},
  volume = {15},
  pages = {1-25},
  number = {1}
}

@ARTICLE{Nichols2008,
  author = {Thomas E Nichols and Gerard R Ridgway and Matthew G Webster and Stephen M Smith},
  title = {{GLM} Permutation - Nonparametric Inference for Arbitrary General Linear Models},
  journal = {NeuroImage},
  year = {2008},
  volume = {41},
  pages = {S72},
  number = {S1}
}

@ARTICLE{Nopoulos2010,
  author = {P C Nopoulos and E H Aylward and C A Ross and H J Johnson and V A Magnotta and A R Juhl and R K Pierson and J Mills and D R Langbehn and J S Paulsen and {PREDICT-HD Investigators Coordinators of Huntington Study Group (HSG)}},
  title = {Cerebral cortex structure in prodromal {H}untington disease},
  journal = {Neurobiology of Disease},
  year = {2010},
  volume = {40},
  pages = {544-54},
  number = {3}
}

@ARTICLE{Ogorman2005,
  author = {O'Gorman, Thomas W.},
  title = {The Performance of Randomization Tests that Use Permutations of Independent Variables},
  journal = {Communications in Statistics: Simulation and Computation},
  year = {2005},
  volume = {34},
  pages = {895-908},
  number = {4}
}

@ARTICLE{Ogorman2002,
  author = {O'Gorman, Thomas W},
  title = {An adaptive test of significance for a subset of regression coefficients.},
  journal = {Statistics in Medicine},
  year = {2002},
  volume = {21},
  pages = {3527-42},
  number = {22}
}

@ARTICLE{Oja1987,
  author = {Oja, H.},
  title = {On permutation tests in multiple regression and analysis of covariance problems},
  journal = {Australian Journal of Statistics},
  year = {1987},
  volume = {29},
  pages = {91-100},
  number = {1}
}

@ARTICLE{Owen2009,
  author = {Owen, Art B.},
  title = {{K}arl {P}earson’s meta-analysis revisited},
  journal = {The Annals of Statistics},
  year = {2009},
  volume = {37},
  pages = {3867-3892},
  number = {6B}
}

@ARTICLE{Palaniyappan2011,
  author = {Palaniyappan, Lena and Mallikarjun, Pavan and Joseph, Verghese and White, Thomas P and Liddle, Peter F},
  title = {Regional contraction of brain surface area involves three large-scale networks in schizophrenia.},
  journal = {Schizophrenia Research},
  year = {2011},
  volume = {129},
  pages = {163-8},
  number = {2-3}
}

@ARTICLE{Panizzon2009,
  author = {M S Panizzon and C Fennema-Notestine and L T Eyler and T L Jernigan and E Prom-Wormley and M Neale and K Jacobson and M J Lyons and M D Grant and C E Franz and H Xian and M Tsuang and B Fischl and L Seidman and A Dale and W S Kremen},
  title = {Distinct genetic influences on cortical surface area and cortical thickness},
  journal = {Cerebral Cortex},
  year = {2009},
  volume = {19},
  pages = {2728-35},
  number = {11}
}

@ARTICLE{Pantazis2005,
  author = {Pantazis, Dimitrios and Nichols, Thomas E and Baillet, Sylvain and Leahy, Richard M},
  title = {A comparison of random field theory and permutation methods for the statistical analysis of {MEG} data.},
  journal = {NeuroImage},
  year = {2005},
  volume = {25},
  pages = {383-94},
  number = {2}
}

@ARTICLE{Pearson1937,
  author = {Pearson, E. S.},
  title = {Some Aspects of the Problem of Randomization},
  journal = {Biometrika},
  year = {1937},
  volume = {29},
  pages = {53-64},
  number = {1/2}
}

@ARTICLE{Pearson1934,
  author = {Pearson, K},
  title = {On a New Method of Determining ``Goodness of Fit''},
  journal = {Biometrika},
  year = {1934},
  volume = {26},
  pages = {425-442},
  number = {4}
}

@ARTICLE{Pearson1933,
  author = {Pearson, Karl},
  title = {On a method of determining whether a sample of size n supposed to have been drawn from a parent population having a known probability integral has probably been drawn at random},
  journal = {Biometrika},
  year = {1933},
  volume = {25},
  pages = {379-410},
  number = {3/4}
}

@ARTICLE{Peirce1884,
  author = {Peirce, C S and Jastrow, J},
  title = {On small differences of sensation},
  journal = {Memoirs of the National Academy of Sciences},
  year = {1884},
  volume = {3},
  pages = {75-83}
}

@ARTICLE{Penrose1955,
  author = {Penrose, R},
  title = {A generalized inverse for matrices},
  journal = {Mathematical Proceedings of the Cambridge Philosophical Society},
  year = {1955},
  volume = {51},
  pages = {406-413},
  number = {3}
}

@BOOK{Pesarin2001,
  title = {Multivariate Permutation Tests: With Applications in Biostatistics},
  publisher = {John Wiley and Sons},
  year = {2001},
  author = {Fortunato Pesarin},
  address = {West Sussex, England, {UK}}
}

@ARTICLE{Pesarin1995,
  author = {Fortunato Pesarin},
  title = {A new solution for the generalized {Behrens}--{Fisher} problem },
  journal = {Statistica},
  year = {1995},
  volume = {55},
  pages = {131-146},
  number = {2}
}

@BOOK{Pesarin2010,
  title = {Permutation Tests for Complex Data: Theory, Applications and Software},
  publisher = {John Wiley and Sons},
  year = {2010},
  author = {Fortunato Pesarin and Luigi Salmaso},
  address = {West Sussex, England, {UK}}
}

@ARTICLE{Phipson2010,
  author = {Phipson, Belinda and Smyth, Gordon K},
  title = {Permutation {P}-values should never be zero: calculating exact {P}-values when permutations are randomly drawn.},
  journal = {Statistical applications in genetics and molecular biology},
  year = {2010},
  volume = {9},
  pages = {Article39},
  number = {1}
}

@ARTICLE{Pierani2009,
  author = {A Pierani and M Wassef},
  title = {Cerebral cortex development: from progenitors to patterning to neocortical size during evolution},
  journal = {Development, Growth \& Differentiation},
  year = {2009},
  volume = {51},
  pages = {325-42}
}

@ARTICLE{Pitman1938,
  author = {Pitman, E. J. G.},
  title = {Significance Tests which May be Applied to Samples from any Populations: {III}. {T}he Analysis of Variance Test},
  journal = {Biometrika},
  year = {1938},
  volume = {29},
  pages = {322-335},
  number = {3/4}
}

@ARTICLE{Pitman1937-i,
  author = {Pitman, E. J. G.},
  title = {Significance Tests Which May be Applied to Samples From any Populations},
  journal = {Supplement to the Journal of the Royal Statistical Society},
  year = {1937},
  volume = {4},
  pages = {119-130},
  number = {1}
}

@ARTICLE{Pitman1937-ii,
  author = {Pitman, E. J. G.},
  title = {Significance Tests Which May be Applied to Samples from any Populations. {II}. {T}he Correlation Coefficient Test},
  journal = {Supplement to the Journal of the Royal Statistical Society},
  year = {1937},
  volume = {4},
  pages = {225-232},
  number = {2}
}

@BOOK{Press1992,
  title = {Numerical recipes in {C}},
  publisher = {Cambridge University Press},
  year = {1992},
  author = {William H. Press and Saul A. Teukolsky and William T. Vetterling and Brian P. Flannery},
  address = {Cambridge, {UK}}
}

@ARTICLE{Price1997,
  author = {Price, C J and Friston, K J},
  title = {Cognitive conjunction: a new approach to brain activation experiments.},
  journal = {NeuroImage},
  year = {1997},
  volume = {5},
  pages = {261-70},
  number = {4 Pt 1}
}

@ARTICLE{Rakic2009a,
  author = {Rakic, Pasko},
  title = {Evolution of the neocortex: a perspective from developmental biology.},
  journal = {Nature Reviews Neuroscience},
  year = {2009},
  volume = {10},
  pages = {724-35},
  number = {10}
}

@ARTICLE{Rakic1988,
  author = {P Rakic},
  title = {Specification of cerebral cortical areas},
  journal = {Science},
  year = {1988},
  volume = {241},
  pages = {170-6},
  number = {4862}
}

@ARTICLE{Rakic2009,
  author = {P Rakic and Albert E Ayoub and Joshua J Breunig and Martin H Dominguez},
  title = {Decision by division: making cortical maps},
  journal = {Trends in Neurosciences},
  year = {2009},
  volume = {32},
  pages = {291-301},
  number = {5}
}

@ARTICLE{Rase2001,
  author = {Rase, Wolf-Dieter},
  title = {Volume-preserving interpolation of a smooth surface from polygon-related data},
  journal = {Journal of Geographical Systems},
  year = {2001},
  volume = {3},
  pages = {199-213},
  number = {2}
}

@PHDTHESIS{Ridgway2009,
  author = {Ridgway, Gerard Robert},
  title = {Statistical analysis for longitudinal {MR} imaging of dementia},
  school = {University College London},
  year = {2009},
  pages = {387}
}

@ARTICLE{Rimol2010b,
  author = {L M Rimol and I Agartz and S Djurovic and A A Brown and J C Roddey and A K K\"{a}hler and M Mattingsdal and L Athanasiu and A H Joyner and N J Schork and E Halgren and K Sundet and I Melle and A M Dale and O A Andreassen and {Alzheimer's Disease Neuroimaging Initiative}},
  title = {Sex-dependent association of common variants of microcephaly genes with brain structure},
  journal = {Proceedings of the National Academy of Sciences of U. S. A.},
  year = {2010},
  volume = {107},
  pages = {384-8},
  number = {1}
}

@ARTICLE{Rimol2010a,
  author = {L M Rimol and M S Panizzon and C Fennema-Notestine and L T Eyler and B Fischl and C E Franz and D J Hagler and M J Lyons and M C Neale and J Pacheco and M E Perry and J E Schmitt and M D Grant and L J Seidman and H W Thermenos and M T Tsuang and S A Eisen and W S Kremen and A M Dale},
  title = {Cortical thickness is influenced by regionally specific genetic factors},
  journal = {Biological Psychiatry},
  year = {2010},
  volume = {67},
  pages = {493-9},
  number = {5}
}

@ARTICLE{Roland1998,
  author = {P E Roland and K Zilles},
  title = {Structural divisions and functional fields in the human cerebral cortex},
  journal = {Brain Research Reviews},
  year = {1998},
  volume = {26},
  pages = {87-105},
  number = {2-3}
}

@ARTICLE{Rorden2007,
  author = {Rorden, Chris and Bonilha, Leonardo and Nichols, Thomas E},
  title = {Rank-order versus mean based statistics for neuroimaging.},
  journal = {NeuroImage},
  year = {2007},
  volume = {35},
  pages = {1531-7},
  number = {4}
}

@ARTICLE{Rosenthal1978,
  author = {Rosenthal, Robert},
  title = {Combining results of independent studies},
  journal = {Psychological Bulletin},
  year = {1978},
  volume = {85},
  pages = {185-193},
  number = {1}
}

@ARTICLE{Royston1993,
  author = {Royston, Patrick},
  title = {A Toolkit for Testing for Non-Normality in Complete and Censored Samples},
  journal = {The Statistician},
  year = {1993},
  volume = {42},
  pages = {37},
  number = {1}
}

@ARTICLE{Rubinov2010,
  author = {Rubinov, Mikail and Sporns, Olaf},
  title = {Complex network measures of brain connectivity: Uses and interpretations.},
  journal = {Neuroimage},
  year = {2010},
  volume = {52},
  pages = {1059-69},
  number = {3}
}

@ARTICLE{Segonne2004,
  author = {S\'{e}gonne, F and Dale, A M and Busa, E and Glessner, M and Salat, D and Hahn, H K and Fischl, B},
  title = {A hybrid approach to the skull stripping problem in {MRI}.},
  journal = {Neuroimage},
  year = {2004},
  volume = {22},
  pages = {1060-75},
  number = {3}
}

@ARTICLE{Segonne2007,
  author = {S\'{e}gonne, Florent and Pacheco, Jenni and Fischl, Bruce},
  title = {Geometrically accurate topology-correction of cortical surfaces using nonseparating loops.},
  journal = {IEEE Transactions on Medical Imaging},
  year = {2007},
  volume = {26},
  pages = {518-29},
  number = {4}
}

@ARTICLE{Saad2004,
  author = {Saad, Ziad S and Reynolds, Richard C and Argall, Brenna and Japee, Shruti and Cox, Robert W},
  title = {{SUMA:} {An} interface for surface-based intra- and inter-subject analysis with {AFNI}},
  journal = {IEEE International Symposium on Biomedical Imaging},
  year = {2004},
  pages = {1510-1513}
}

@ARTICLE{Sabuncu2010,
  author = {Sabuncu, Mert R and Singer, Benjamin D and Conroy, Bryan and Bryan, Ronald E and Ramadge, Peter J and Haxby, James V},
  title = {Function-based intersubject alignment of human cortical anatomy},
  journal = {Cerebral Cortex},
  year = {2010},
  volume = {20},
  pages = {130-40},
  number = {1}
}

@ARTICLE{Sakia1992,
  author = {Sakia, R. M.},
  title = {The Box-Cox Transformation Technique: A Review},
  journal = {The Statistician},
  year = {1992},
  volume = {41},
  pages = {169},
  number = {2}
}

@ARTICLE{Salimi-khorshidi2011,
  author = {Salimi-Khorshidi, Gholamreza and Smith, Stephen M and Nichols, Thomas E},
  title = {Adjusting the effect of nonstationarity in cluster-based and {TFCE} inference.},
  journal = {NeuroImage},
  year = {2011},
  volume = {54},
  pages = {2006-2019},
  number = {3}
}

@ARTICLE{Sanabriadiaz2010,
  author = {G Sanabria-Diaz and L Melie-Garc\'{i}a and Y Iturria-Medina and Y Alem\'{A}n-G\'{o}mez and G Hern\'{A}ndez-Gonz\'{A}lez and L Vald\'{e}s-Urrutia and L Gal\'{a}n and P Vald\'{e}s-Sosa},
  title = {Surface area and cortical thickness descriptors reveal different attributes of the structural human brain networks},
  journal = {Neuroimage},
  year = {2010},
  volume = {50},
  pages = {1497-510},
  number = {4}
}

@BOOK{Scheffe1959,
  title = {The Analysis of Variance},
  publisher = {John Wiley and Sons},
  year = {1959},
  author = {Scheff\'{e}, H},
  address = {New York}
}

@ARTICLE{Scheffe1943,
  author = {Scheff\'{e}, H},
  title = {Statistical inference in the non-parametric case},
  journal = {The Annals of Mathematical Statistics},
  year = {1943},
  volume = {14},
  pages = {305-332},
  number = {4}
}

@ARTICLE{Schormann1998,
  author = {T Schormann and K Zilles},
  title = {Three-dimensional linear and nonlinear transformations: an integration of light microscopical and {MRI} data},
  journal = {Human Brain Mapping},
  year = {1998},
  volume = {6},
  pages = {339-47},
  number = {5-6}
}

@ARTICLE{Schwarzkopf2011,
  author = {D S Schwarzkopf and C Song and G Rees},
  title = {The surface area of human {V1} predicts the subjective experience of object size},
  journal = {Nature Neuroscience},
  year = {2011},
  volume = {14},
  pages = {28-30},
  number = {1}
}

@ARTICLE{Scott2009,
  author = {M L J Scott and P A Bromiley and N A Thacker and C E Hutchinson and A Jackson},
  title = {A fast, model-independent method for cerebral cortical thickness estimation using {MRI}},
  journal = {Medical Image Analysis},
  year = {2009},
  volume = {13},
  pages = {269-85}
}

@BOOK{Searle1971,
  title = {Linear Models},
  publisher = {Wiley-Blackwell},
  year = {1971},
  author = {Shayle R. Searle},
  address = {New York, {USA}}
}

@ARTICLE{Sen1968,
  author = {Sen, P K},
  title = {Estimates of the regression coefficient based on {K}endall's tau},
  journal = {Journal of the American Statistical Association},
  year = {1968},
  volume = {63},
  pages = {1379-1389},
  number = {324}
}

@INPROCEEDINGS{Shamos1976,
  author = {Michael Ian Shamos and Dan Hoey},
  title = {Geometric intersection problems},
  booktitle = {17th Annual Symposium on Foundations of Computer Science ({FOCS})},
  year = {1976},
  pages = {208-15}
}

@ARTICLE{Shapiro1965,
  author = {Shapiro, S. S. and Wilk, M. B.},
  title = {An analysis of variance test for normality (complete samples)},
  journal = {Biometrika},
  year = {1965},
  volume = {52},
  pages = {591-611},
  number = {3-4}
}

@ARTICLE{Shepard1968,
  author = {Shepard, Donald},
  title = {A two-dimensional interpolation function for irregularly-spaced data},
  journal = {Proceedings of the 23rd National Conference of the {ACM}},
  year = {1968},
  pages = {517-524}
}

@INPROCEEDINGS{Sibson1981,
  author = {R Sibson},
  title = {A brief description of natural neighbour interpolation},
  booktitle = {Interpreting multivariate data},
  year = {1981},
  editor = {Vic Barnett},
  pages = {21-36},
  address = {New York},
  publisher = {John Wiley \& Sons}
}

@ARTICLE{Smith2007,
  author = {Smith, Stephen and Jenkinson, Mark and Beckmann, Christian and Miller, Karla and Woolrich, Mark},
  title = {Meaningful design and contrast estimability in {FMRI}.},
  journal = {NeuroImage},
  year = {2007},
  volume = {34},
  pages = {127-36},
  number = {1},
}

@ARTICLE{Smith2009,
  author = {Smith, Stephen M and Nichols, Thomas E},
  title = {Threshold-free cluster enhancement: addressing problems of smoothing, threshold dependence and localisation in cluster inference},
  journal = {Neuroimage},
  year = {2009},
  volume = {44},
  pages = {83-98},
  number = {1}
}

@ARTICLE{Smith2009a,
  author = {Smith, Stephen M and Nichols, Thomas E},
  title = {Threshold-free cluster enhancement: addressing problems of smoothing, threshold dependence and localisation in cluster inference},
  journal = {NeuroImage},
  year = {2009},
  volume = {44},
  pages = {83-98},
  number = {1}
}

@MANUAL{Snyder1987,
  title = {Map Projections: A Working Manual - U.S. Geological Survey Professional Paper 1395},
  author = {J P Snyder},
  organization = {United States Government Printing Office},
  address = {Washington, DC, USA},
  year = {1987}
}

@ARTICLE{Stein2010,
  author = {Stein, Jason L and Hua, Xue and Lee, Suh and Ho, April J and Leow, Alex D and Toga, Arthur W and Saykin, Andrew J and Shen, Li and Foroud, Tatiana and Pankratz, Nathan and Huentelman, Matthew J and Craig, David W and Gerber, Jill D and Allen, April N and Corneveaux, Jason J and Dechairo, Bryan M and Potkin, Steven G and Weiner, Michael W and Thompson, Paul M},
  title = {Voxelwise genome-wide association study ({VGWAS}).},
  journal = {Neuroimage},
  year = {2010},
  volume = {53},
  pages = {1160-1174},
  number = {3}
}

@ARTICLE{Still1981,
  author = {Still, A. W. and White, A. P.},
  title = {The approximate randomization test as an alternative to the {F} test in analysis of variance},
  journal = {British Journal of Mathematical and Statistical Psychology},
  year = {1981},
  volume = {34},
  pages = {243-252},
  number = {2}
}

@BOOK{Stouffer1949,
  title = {Studies in Social Psychology in World War {II}: The American Soldier},
  publisher = {Princeton University Press},
  year = {1949},
  author = {Samuel A. Stouffer and Edward A. Suchman and Leland C. DeVinney and Shirley A. Star and Robin M. Williams},
  address = {Princeton, New Jersey, {USA}}
}

@ARTICLE{Suckling2004,
  author = {Suckling, John and Bullmore, Ed},
  title = {Permutation tests for factorially designed neuroimaging experiments.},
  journal = {Human Brain Mapping},
  year = {2004},
  volume = {22},
  pages = {193-205},
  number = {3}
}

@ARTICLE{Sun2009a,
  author = {Sun, Daqiang and Phillips, Lisa and Velakoulis, Dennis and Yung, Alison and McGorry, Patrick D and Wood, Stephen J and van Erp, Theo G M and Thompson, Paul M and Toga, Arthur W and Cannon, Tyrone D and Pantelis, Christos},
  title = {Progressive brain structural changes mapped as psychosis develops in 'at risk' individuals},
  journal = {Schizophrenia Research},
  year = {2009},
  volume = {108},
  pages = {85-92},
  number = {1-3}
}

@ARTICLE{Sun2009,
  author = {Sun, D and Stuart, G W and Jenkinson, M and Wood, S J and McGorry, P D and Velakoulis, D and van Erp, T G M and Thompson, P M and Toga, a W and Smith, D J and Cannon, T D and Pantelis, C},
  title = {Brain surface contraction mapped in first-episode schizophrenia: a longitudinal magnetic resonance imaging study},
  journal = {Molecular Psychiatry},
  year = {2009},
  volume = {14},
  pages = {976-86},
  number = {10}
}

@BOOK{Talairach1988,
  title = {Co-Planar Stereotaxic Atlas of the Human Brain: 3-D Proportional System: An Approach to Cerebral Imaging},
  publisher = {Thieme},
  year = {1988},
  author = {J Talairach and P Tournoux},
  address = {Stuttgart, Germany}
}

@ARTICLE{Taylor2006,
  author = {Taylor, Jonathan and Tibshirani, Robert},
  title = {A tail strength measure for assessing the overall univariate significance in a dataset.},
  journal = {Biostatistics},
  year = {2006},
  volume = {7},
  pages = {167-81},
  number = {2}
}

@INCOLLECTION{Terbraak1992,
  author = {Ter Braak, C J F},
  title = {Permutation versus bootstrap significance tests in multiple regression and {ANOVA}},
  booktitle = {Bootstrapping and related techniques},
  publisher = {Springer-Verlag},
  year = {1992},
  editor = {J\"{o}ckel, K.-H. and Rothe, G. and Sendler, W.},
  number = {1989},
  pages = {79-86},
  address = {Berlin}
}

@ARTICLE{Theil1965,
  author = {Theil, H},
  title = {The analysis of disturbances in regression analysis},
  journal = {Journal of the American Statistical Association},
  year = {1965},
  volume = {60},
  pages = {1067-1079},
  number = {312}
}

@ARTICLE{Theil1950,
  author = {Theil, H},
  title = {A rank-invariant method for linear and polynomial regression. {I}. {II}. {III}.},
  journal = {Proceedings of the Section of Sciences, Koninklijke Akademie van Wetenschappen te Amsterdam},
  year = {1950},
  volume = {53},
  pages = {386-392, 521-525, 1397-1412}
}

@ARTICLE{Thirion1998,
  author = {J P Thirion},
  title = {Image matching as a diffusion process: an analogy with {M}axwell's demons},
  journal = {Medical Image Analysis},
  year = {1998},
  volume = {2},
  pages = {243-60},
  number = {3}
}

@INPROCEEDINGS{Thompson1999,
  author = {P M Thompson and A W Toga},
  title = {Anatomically driven strategies for high-dimensional brain image warping and pathology detection},
  booktitle = {Brain Warping},
  year = {1999},
  editor = {A W Toga},
  pages = {311-36},
  publisher = {Academic Press}
}

@ARTICLE{Thompson2002,
  author = {P M Thompson and A W Toga},
  title = {A framework for computational anatomy},
  journal = {Computing and Visualization in Science},
  year = {2002},
  volume = {5},
  pages = {13-34}
}

@ARTICLE{Tibshirani1988,
  author = {Tibshirani, Robert},
  title = {Estimating Transformations for Regression Via Additivity and Variance Stabilization},
  journal = {Journal of the American Statistical Association},
  year = {1988},
  volume = {83},
  pages = {394},
  number = {402}
}

@BOOK{Tippett1931,
  title = {The Methods of Statistics},
  publisher = {Williams and Northgate},
  year = {1931},
  author = {L H C Tippett},
  address = {London}
}

@ARTICLE{Tobler1979,
  author = {W R Tobler},
  title = {Smooth pycnophylactic interpolation for geographical regions},
  journal = {Journal of the American Statistical Association},
  year = {1979},
  volume = {74},
  pages = {519-30},
  number = {367}
}

@INPROCEEDINGS{Trotter1956,
  author = {Trotter, H. F. and Tukey, J. W.},
  title = {Conditional {M}onte {C}arlo techniques in a complex problem about normal samples},
  booktitle = {Symposium on {M}onte {C}arlo methods},
  year = {1956},
  editor = {H. A. Meyer},
  pages = {64-79},
  address = {New York},
  publisher = {Wiley}
}

@ARTICLE{Ullrich2009,
  author = {Paul A Ullrich and Peter H Lauritzen and Christiane Jablonowski},
  title = {Geometrically Exact Conservative Remapping ({GECoRe}): Regular Latitude-Longitude and Cubed-Sphere Grids },
  journal = {Monthly Weather Reviews},
  year = {2009},
  volume = {137},
  pages = {1721-41},
  number = {6}
}

@ARTICLE{Vanzwet1967,
  author = {Van Zwet, WR and Oosterhoff, J},
  title = {On the combination of independent test statistics},
  journal = {The Annals of Mathematical Statistics},
  year = {1967},
  volume = {38},
  pages = {659-680},
  number = {3}
}

@ARTICLE{Vercauteren2009,
  author = {T Vercauteren and X Pennec and A Perchant and N Ayache},
  title = {Diffeomorphic demons: efficient non-parametric image registration},
  journal = {Neuroimage},
  year = {2009},
  volume = {45},
  pages = {S61-72},
  number = {1 Suppl}
}

@BOOK{Vince2005,
  title = {Mathematics for Computer Graphics},
  publisher = {Springer},
  year = {2005},
  author = {J Vince},
  address = {London, UK}
}

@ARTICLE{Voets2008,
  author = {Voets, Natalie L and Hough, Morgan G and Douaud, Gwenaelle and Matthews, Paul M and James, Anthony and Winmill, Louise and Webster, Paula and Smith, Stephen},
  title = {Evidence for abnormalities of cortical development in adolescent-onset schizophrenia.},
  journal = {Neuroimage},
  year = {2008},
  volume = {43},
  pages = {665-75},
  number = {4}
}

@ARTICLE{Welch1951,
  author = {Welch, B L},
  title = {On the comparison of several mean values: an alternative approach},
  journal = {Biometrika},
  year = {1951},
  volume = {38},
  pages = {330-336},
  number = {3}
}

@ARTICLE{Welch1990,
  author = {Welch, W. J.},
  title = {Construction of permutation tests},
  journal = {Journal of the American Statistical Association},
  year = {1990},
  volume = {85},
  pages = {693-698},
  number = {411}
}

@ARTICLE{Westberg1985,
  author = {Westberg, Margareta},
  title = {Combining independent statistical tests},
  journal = {The Statistician},
  year = {1985},
  volume = {34},
  pages = {287-296},
  number = {3}
}

@ARTICLE{Westfall2008,
  author = {Westfall, Peter H and Troendle, James F},
  title = {Multiple testing with minimal assumptions.},
  journal = {Biometrical Journal},
  year = {2008},
  volume = {50},
  pages = {745-55},
  number = {5}
}

@BOOK{Westfall1993,
  title = {Resampling-Based Multiple Testing: Examples And Methods for {P}-Value Adjustment},
  publisher = {John Wiley and Sons},
  year = {1993},
  author = {Peter H Westfall and S Stanley Young},
  address = {New York}
}

@ARTICLE{Whitlock2005,
  author = {Whitlock, M C},
  title = {Combining probability from independent tests: the weighted Z-method is superior to {F}isher's approach.},
  journal = {Journal of Evolutionary biology},
  year = {2005},
  volume = {18},
  pages = {1368-73},
  number = {5}
}

@ARTICLE{Wilkinson1951,
  author = {Wilkinson, B},
  title = {A statistical consideration in psychological research.},
  journal = {Psychological Bulletin},
  year = {1951},
  volume = {48},
  pages = {156-8},
  number = {3}
}

@ARTICLE{Wilson1927,
  author = {Wilson, E B},
  title = {Probable inference, the law of succession, and statistical inference},
  journal = {Journal of the American Statistical Association},
  year = {1927},
  volume = {22},
  pages = {209-212},
  number = {158}
}

@BOOK{Winer1962,
  title = {Statistical Principles in Experimental Design},
  publisher = {McGraw-Hill},
  year = {1962},
  author = {B J Winer},
  address = {New York}
}

@ARTICLE{Winkler2010,
  author = {A M Winkler and P Kochunov and J Blangero and L Almasy and K Zilles and P T Fox and R Duggirala and D C Glahn},
  title = {Cortical thickness or grey matter volume? {The} importance of selecting the phenotype for imaging genetics studies},
  journal = {Neuroimage},
  year = {2010},
  volume = {15},
  pages = {1135-46},
  number = {3}
}

@ARTICLE{Winkler2012,
  author = {A M Winkler and M R Sabuncu and B T Thomas Yeo and B Fischl and D N Greve and P Kochunov and T E Nichols and J Blangero and D C Glahn},
  title = {Measuring and Comparing Brain Cortical Surface Area and Other Areal Quantities},
  journal = {NeuroImage},
  year = {2012},
  volume = {61},
  pages = {1428-43},
  number = {4}
}

@ARTICLE{Wisco2007,
  author = {Wisco, Jonathan J and Kuperberg, Gina and Manoach, Dara and Quinn, Brian T and Busa, Evelina and Fischl, Bruce and Heckers, Stephan and Sorensen, A Gregory},
  title = {Abnormal cortical folding patterns within {Broca}'s area in schizophrenia: evidence from structural {MRI}.},
  journal = {Schizophrenia Research},
  year = {2007},
  volume = {94},
  pages = {317-27},
  number = {1-3}
}

@ARTICLE{Won2009,
  author = {Won, Sungho and Morris, Nathan and Lu, Qing and Elston, Robert C},
  title = {Choosing an optimal method to combine P-values.},
  journal = {Statistics in Medicine},
  year = {2009},
  volume = {28},
  pages = {1537-53},
  number = {11}
}

@ARTICLE{Worsley1999,
  author = {Worsley, K J and Andermann, M and Koulis, T and MacDonald, D and Evans, A C},
  title = {Detecting changes in nonisotropic images.},
  journal = {Human Brain Mapping},
  year = {1999},
  volume = {8},
  pages = {98-101},
  number = {2-3}
}

@ARTICLE{Worsley2000,
  author = {Worsley, K. J. and Friston, K. J.},
  title = {A test for a conjunction},
  journal = {Statistics \& Probability Letters},
  year = {2000},
  volume = {47},
  pages = {135-140},
  number = {2}
}

@ARTICLE{Wright1995,
  author = {I C Wright and P K McGuire and J-B Poline and J M Travere and R M Murray and C D Frith and R S J Frackowiak and K J Friston},
  title = {A voxel-based method for the statical analysis of gray and white matter density applied to schizophrenia},
  journal = {Neuroimage},
  year = {1995},
  volume = {2},
  pages = {244-52}
}

@ARTICLE{Wu2006,
  author = {Wu, Samuel S.},
  title = {Combining Univariate Tests for Multivariate Location Problem},
  journal = {Communications in Statistics: Theory and Methods},
  year = {2006},
  volume = {35},
  pages = {1483-1494},
  number = {8}
}

@ARTICLE{Yekutieli1999,
  author = {Yekutieli, Daniel and Benjamini, Yoav},
  title = {Resampling-based false discovery rate controlling multiple test procedures for correlated test statistics},
  journal = {Journal of Statistical Planning and Inference},
  year = {1999},
  volume = {82},
  pages = {171-196},
  number = {1-2}
}

@ARTICLE{Yeo2010,
  author = {B T Yeo and M R Sabuncu and T Vercauteren and N Ayache and B Fischl and P Golland},
  title = {Spherical demons: fast diffeomorphic landmark-free surface registration},
  journal = {{IEEE} Transactions on Medical Imaging},
  year = {2010},
  volume = {29},
  pages = {650-68},
  number = {3}
}

@ARTICLE{Yeo2010b,
  author = {Yeo, B T Thomas and Sabuncu, Mert R and Vercauteren, Tom and Holt, Daphne J and Amunts, Katrin and Zilles, Karl and Golland, Polina and Fischl, Bruce},
  title = {Learning task-optimal registration cost functions for localizing cytoarchitecture and function in the cerebral cortex.},
  journal = {{IEEE} Transactions on Medical Imaging},
  year = {2010},
  volume = {29},
  pages = {1424-41},
  number = {7}
}

@ARTICLE{Yiu2000,
  author = {Paul Yiu},
  title = {The uses of homogeneous barycentric coordinates in plane {E}uclidean geometry},
  journal = {International Journal of Mathematical Education in Science and Technology},
  year = {2000},
  volume = {31},
  pages = {569-578},
  number = {4}
}

@ARTICLE{Zaykin2011,
  author = {Zaykin, D. V.},
  title = {Optimally weighted Z-test is a powerful method for combining probabilities in meta-analysis},
  journal = {Journal of Evolutionary Biology},
  year = {2011},
  volume = {24},
  pages = {1836-1841},
  number = {8}
}

@ARTICLE{Zaykin2002,
  author = {Zaykin, D V and Zhivotovsky, Lev A and Westfall, P H and Weir, B S},
  title = {Truncated product method for combining P-values.},
  journal = {Genetic Epidemiology},
  year = {2002},
  volume = {22},
  pages = {170-85},
  number = {2}
}

@ARTICLE{Zilles2010,
  author = {K Zilles and K Amunts},
  title = {Centenary of {B}rodmann's map-conception and fate},
  journal = {Nature Reviews Neuroscience},
  year = {2010},
  volume = {11},
  pages = {139-45},
  number = {2}
}
